1919 3076
93 138 165 172 1281

559 149 752 180 COMMENT.
774 151 811 180 ΙΝ
831 152 1020 187 ΙΟΑΝΝΕΜ.
1039 168 1073 174 -
1093 157 1172 186 CAP.
1191 157 1273 192 VIII.

1650 165 1718 197 1282

131 198 230 225 KaI—
246 201 347 228 αὑτοῦ.
387 203 577 238 Ὀργισοέντες
602 205 649 231 ἐπὶ
673 200 712 240 τῷ
738 206 810 242 λόγῳ
832 217 862 234 το

972 210 1048 239 Vers.
1069 212 1114 240 55.
1131 213 1165 250 Et
1182 230 1216 235 ~-
1235 223 1324 243 suam.
1348 215 1481 253 Indignati
1503 219 1539 248 ob
1564 227 1718 250 sermonem

92 243 264 279 Νικοδήμου,
282 247 329 272 καὶ
349 248 514 283 φοϐηθέντες
541 250 647 285 μήποτε
666 251 713 277 καὶ
726 251 806 284 ἄλλος
821 252 877 280 τῶν

89 289 232 324 ἀρχόντων
243 292 313 319 είποι
325 293 443 321 τοιαῦτα.

129 335 185 362 Καὶ
212 337 332 371 Ἰησοῦς
349 339 405 374 (25)
422 356 455 361 -
480 340 615 369 Ἐλαιῶν.

88 380 136 408 διὰ
153 383 247 414 νυκτὸς
262 384 417 420 ἐπιϐουλήν.

129 439 254 473 Ὀρθρου
267 455 301 460 --
315 442 436 476 αὐτούς.
453 443 525 470 Λαδν
541 445 658 472 ἐνταῦθά
672 455 738 482 φησι
753 447 817 479 τοὺς
829 447 874 474 λέ-

87 490 190 516 γοντας
217 485 258 511 ὅτι
286 484 380 520 οὗτός
408 489 493 516 ἐστιν
524 490 673 525 ἀληθῶς-ό
696 492 877 527 προφήτηςο

86 529 138 555 καὶ
153 530 215 561 τοὺς
242 531 370 566 λέγοντας
394 532 472 566 αὖθις
495 536 535 562 ὅτι
557 535 651 570 Οὗτός
679 538 791 565 ὲστινό
809 541 876 573 Χρι-

659 342 806 371 Ἐκκλίνων
833 344 883 380 τὴν

933 256 1084 289 Nicodemi,
1108 266 1140 286 ac
1169 260 1298 290 timentes
1318 270 1352 290 nc
1376 263 1446 292 forte
1473 266 1554 293 etiam
1580 268 1718 304 quispiam

933 302 1001 330 alius
1015 305 1116 332 similia
1127 305 1242 334 diceret.

1736 291 1741 337 ἓ

966 348 1041 376 CAP.
1055 350 1123 378 VIII.
1139 352 1216 379 Vers.
1237 354 1263 380 I.
1275 353 1349 382 Jesus
1370 361 1501 383 autem—
1511 357 1659 387 Olivarum.
1670 339 1740 396 [οε-,⁸

934 394 1040 423 clinans
1056 401 1204 426 nocturnas
1219 399 1345 428 insidias.

964 441 1041 469 Vers.
1057 442 1085 469 2.
1105 444 1214 472 Summo
1227 461 1263 465 —
1278 446 1347 473 illos.
1371 447 1504 483 Populum
1530 450 1575 479 hic
1597 452 1716 487 appellat

936 493 984 513 eos
998 487 1044 521 qui
1062 487 1189 517 dicebant
1211 497 1219 516 :
1235 490 1286 518 Hic
1301 497 1339 518 est
1357 501 1414 520 vere
1430 495 1579 529 propheta.-
1596 496 1716 532 itemque

930 538 995 564 eos,
1026 533 1071 567 qui
1092 534 1218 562 dicebant
1236 544 1243 562 :
1267 537 1318 563 llic
1344 542 1381 564 est
1403 537 1545 572 Christus;
1566 541 1639 576 quod
1658 549 1713 570 non

84 575 162 607 στός
173 583 180 590 ⁸
194 576 262 611 ὅπερ
289 578 338 604 οὐκ
353 579 512 613 ἐνεγκόντες
527 583 552 609 οι
573 582 707 615 Ἰουδαῖοι,
734 584 830 612 σκόπει
849 595 863 612 τ

929 577 1049 606 ferentes
1068 578 1163 614 Judmi,
1186 581 1247 609 vide
1265 583 1329 617 quid
1351 584 1554 620 malignentur?

83 621 295 655 πονηρεύονται.

124 667 269 701 ’Ἄγουσιν
286 685 318 690 —
329 673 560 708 μοιχευομένην.
581 674 643 702 Ἐπ’
657 677 818 711 αὐτοφώρῳ
832 677 875 704 λέ-

82 717 165 745 γετιι
182 712 212 738 τὺ
225 713 424 749 αὐτελέγκτως,
437 718 607 753 αὑτοφανῶς,
629 720 779 756 προδήλως.

127 800 178 828 Ἐν
189 816 222 821 --
252 803 356 831 αὐτοῦ.
375 805 557 839 Γινώσκοντες
574 809 628 844 γάρ
641 808 722 836 αὑτὸν
734 810 872 845 ἐλεήμονα

78 848 131 873 καὶ
152 849 294 884 συμπαθῆ,
314 852 486 886 προσεδόκων
503 854 543 880 ὅτι
559 854 682 888 φείσεται
708 855 805 890 αὐτῆς,
824 857 870 883 καὶ

961 671 1037 699 Vers.
1055 674 1081 700 5.
1097 673 1235 702 Adducunt
1248 691 1285 696 —
1300 676 1378 705 Vers.
1394 677 1422 706 ι.
1439 679 1601 708 adulterium
1618 690 1711 717 perpe-

925 723 1050 746 truntem.
1073 719 1133 746 Ἐπ’
1146 721 1307 757 αὐτοφώρῳ,
1326 723 1378 751 hoc
1389 729 1439 757 est,
1461 726 1601 762 manifeste
1622 732 1650 756 et
1666 729 1713 756 de-

923 764 1056 798 prehenso,
1067 766 1102 792 ita
1114 771 1143 793 ut
1154 767 1245 802 negari
1262 776 1316 795 non
1332 770 1428 804 possit.

962 807 1037 836 Vers.
1051 809 1076 836 5.
1091 809 1124 836 In
1135 810 1256 839 —-Vers.
1276 812 1301 839 6.
1315 813 1401 840 illum.
1415 814 1615 850 Cognoscentes
1625 817 1710 852 enim,

920 861 982 881 eum
1004 855 1209 883 misericordem
1229 864 1290 885 esse
1310 866 1342 886 ac
1365 861 1590 896 compatientem,
1606 864 1709 899 cogita-

77 892 177 918 λοιπὸν
197 893 286 925 ἕξουσι
304 898 475 932 κατηγορίαν
494 899 555 925 κατ“
581 899 676 932 αὑτοῦ,
694 900 732 932 ὡς
751 902 863 936 ἰταριινό⁴

929 904 988 927 aaut
1012 901 1086 936 quod
1111 907 1185 930 esset
1206 903 1242 930 illi
1263 892 1439 940 parciturus,
1469 910 1498 934 et
1527 908 1564 936 ita
1583 892 1710 938 habituri

77 946 142 973 μως
158 939 315 975 φειδομένου
330 941 381 976 τῆς
394 943 448 970 άπὸ
463 943 510 969 τοῦ
525 945 608 979 νόμον
622 945 817 982 λιθαζομένης.

122 1066 154 1095 '0
165 1068 200 1095 δὲ
227 1069 348 1103 Ἰησοῦς
361 1085 396 1090 -
414 1070 482 1106 γῆν.
498 1072 589 1108 Ὅπερ
609 1073 721 1101 εἰώθασι
739 1075 871 1108 πολλάκις

75 1118 170 1142 ποιεῖν
187 1117 212 1143 οἱ
232 1117 269 1153 μὴ
287 1117 409 1150 θέλοντες
435 1119 632 1154 ἀποκρίνεσθαι
645 1120 702 1156 (26)
720 1122 789 1157 πρὸς
805 1124 871 1154 τοὺς

76 1162 244 1198 ἐρωτῶντας
269 1163 372 1199 ἄκαιρα
402 1164 446 1191 καὶ
462 1166 675 1201 άνάξια’γνοὺς
698 1167 753 1203 γὰρ
779 1168 870 1195 αὐτῶν

74 1209 130 1243 τὴν
147 1209 271 1245 μηχανὴν
283 1213 474 1245 προσεποιεῖτο
489 1211 605 1248 γράφειν
620 1213 661 1245 εις
682 1213 731 1248 τὴν
746 1214 809 1249 γῆν,
822 1214 870 1241 καὶ

76 1254 119 1289 μὴ
137 1257 276 1290 προσέχειν
289 1255 329 1287 οἷς
345 1257 449 1292 ἔλεγον.

124 1301 170 1331 Ὧς
182 1315 216 1320 -
227 1302 332 1335 αὑτήν.
346 1303 416 1338 Ὅρα
430 1303 525 1338 σοφίαν
541 1304 590 1339 τῆς
604 1305 769 1340 αὺτοσοφίας
782 1314 868 1332 κατα-

76 1347 262 1381 σοφιζομένην
291 1348 454 1384 εὐμηχάνως
470 1350 518 1381 τὰς
537 1351 661 1385 μηχανὰς
675 1350 778 1379 αὐτῶν,
794 1352 867 1387 Ὅρα

75 1391 137 1423 πῶς
154 1392 211 1427 ἅμα
227 1394 272 1418 καὶ
291 1393 335 1419 τὸν
351 1394 433 1428 νόμον
446 1395 576 1430 ἐτήρησε,
595 1397 640 1422 καὶ
665 1395 714 1430 τῆς
737 1397 868 1430 γυναικὸς

73 1436 216 1469 ἐφείσατο.
238 1438 385 1474 Ἐπέτρεψε
396 1439 449 1473 γὰρ
460 1440 505 1466 τὸν
521 1440 713 1474 ἀναμάρτητον
729 1440 759 1472 ἐξ
774 1441 866 1469 αὐτῶν

73 1482 212 1516 ἄρξασθαι
231 1483 279 1510 τοῦ
310 1484 457 1512 λιθοϐολεῖν
486 1485 580 1522 αὐτὴν,
597 1485 675 1518 εἰδὼς
703 1486 808 1518 πάντας
837 1488 867 1514 ἐν

73 1530 237 1564 ἁμαρτίαις.

114 1562 167 1603 ιίὲιι
182 1576 276 1604 πάλιν
287 1592 321 1596 -
343 1577 409 1612 γῆν.
429 1578 487 1605 ἰνα
501 1578 538 1614 μὴ
554 1579 697 1614 βλέποντος
714 1582 753 1613 εἰς
766 1581 864 1613 αὐτοὺς
877 1562 900 1594 C

73 1623 259 1658 αισχύνωνται
286 1624 350 1659 ῥᾷον
370 1625 456 1656 οὕτως
473 1625 659 1661 ἐλεγχθέντες,
677 1629 725 1654 καὶ
742 1628 795 1660 ἶνα,
823 1628 861 1660 ὡς

74 1670 159 1696 αὑτοῦ
179 1670 260 1706 δῆθεν
278 1671 477 1706 ἀσχολουμένου
496 1672 535 1703 είς
548 1672 579 1698 τὸ
594 1674 721 1706 γράφειν,
743 1674 789 1709 ἐξῇ
813 1675 864 1700 αὐ-

73 1717 132 1748 τοῖς
148 1718 362 1752 ὺπαναχωρήσαι
375 1717 427 1752 πρὸ
440 1718 632 1754 φανερωτέρας
650 1720 862 1753 καταγνώσεως·

74 1762 123 1788 καὶ
150 1763 239 1789 αὐτῶν
270 1763 323 1799 γὰρ
348 1764 469 1798 ἐφείδετο
493 1763 526 1790 δι’
556 1764 709 1800 ὑπερϐολὴν
745 1769 864 1800 χρηστο-

73 1817 166 1844 τητος.

111 1856 143 1880 οι
159 1854 192 1881 δὲ
208 1869 243 1874 -
259 1855 406 1889 ἐσχάτων.
424 1856 518 1888 Οὐδεὶς
537 1856 591 1892 γὰρ
606 1857 798 1893 ἀναμάρτητον
823 1858 864 1884 el-

75 1901 135 1927 πεῖν
146 1901 242 1927 ὲαυτδν
257 1901 383 1935 ὴδύνατο.

109 1946 164 1973 Καὶ
180 1960 211 1965 -
223 1947 417 1980 κατέκρινεν;
447 1947 688 1983 ’Δναχωρήσαντες
715 1948 770 1984 γὰρ
787 1949 861 1984 ἀφῆ-

76 1999 128 2017 καν
143 1991 225 2026 αὐτὴν
239 1991 342 2018 άνετοψ
358 1993 419 2018 ἐπεὶ
433 1992 460 2019 δὲ
476 1993 582 2026 ἄνετον,
597 1995 705 2025 πάντως
725 1995 773 2021 καὶ
793 1995 861 2021 ἀκα-

75 2036 204 2071 τάκριτον
222 2036 252 2062 τὸ
268 2037 311 2063 ἐπ’
325 2036 416 2069 αὐτοῖς
436 2044 442 2051 ’
460 2035 543 2073 ἦγὰρ
568 2038 602 2064 ἂν
619 2039 747 2074 συνέσχον
763 2039 859 2074 αὐτήν.

113 2127 145 2155 Ἠ
157 2142 187 2148 -
202 2128 380 2161 κατακρίνω.
396 2127 427 2154 Εἰ
445 2127 499 2162 γὰρ
517 2129 616 2154 ἐκεῖνοι
631 2128 769 2163 ἄνθρωποι
783 2129 858 2161 ὄντες

71 2174 101 2202 οὗ
118 2173 280 2208 κατέκριναν
296 2181 336 2204 σε,
354 2174 443 2207 πολλῷ
462 2173 562 2209 μᾶλλον
581 2174 641 2200 οὐδὲ
657 2174 711 2208 ἐγώ
728 2182 757 2200 σε
775 2182 859 2200 κατα-

72 2221 167 2256 κρίνω,
180 2220 246 2251 Θεὸς
262 2219 299 2248 ὢν
315 2220 361 2246 καὶ
376 2219 422 2245 τοῦ
436 2219 517 2254 νόμου
533 2219 644 2255 Κύριος.

106 2314 239 2347 Πορεύου
255 2329 290 2335 -
304 2313 465 2348 ἁμάρτανε.
490 2312 651 2348 ’Δρκοῦντος
668 2311 715 2340 τοῦ
729 2312 857 2347 τηλικού-

70 2368 116 2386 του
131 2360 275 2395 θριάμϐου,
298 2360 346 2387 καὶ
360 2360 411 2394 τῆς
438 2359 554 2385 ἐνώπιον
569 2358 705 2385 τοσούτων
724 2359 856 2394 αἰσχύνης

70 2407 109 2437 εἰς
133 2407 268 2441 τιμωρίαν
280 2414 287 2421 ο
304 2406 374 2440 ἔγνω
392 2406 445 2441 γάρ
463 2405 547 2441 αὐτὴν
570 2407 618 2431 καὶ
645 2404 854 2440 μετανοήσασαν

70 2452 243 2486 ὀλοκαρδίως.

105 2498 200 2525 Πάλιν
216 2511 252 2517 -
266 2497 392 2531 κόσμου.
423 2496 468 2528 Ὠς
497 2495 623 2531 φωτίζων
642 2496 687 2522 τὴν
709 2495 771 2522 νοῦν
799 2495 854 2522 τῶν

71 2543 231 2578 ἀνθρώπων,
243 2543 289 2569 καὶ
302 2542 405 2577 ὁδηγῶν
419 2542 474 2568 άπὸ
487 2543 537 2577 τῆς
553 2542 657 2577 πλάνης
672 2543 712 2573 εἰς
727 2542 777 2577 τὴν
789 2541 854 2577 ἀλή-

71 2590 145 2617 θειαν
158 2593 203 2615 και
217 2590 269 2615 ἀπὸ
283 2588 334 2624 τῆς
349 2588 487 2623 ἁμαρτίας
503 2589 542 2620 είς
556 2589 605 2625 τὴν
620 2588 732 2624 ἀρετὴν,
754 2588 801 2614 καὶ
815 2587 853 2618 ὡς

71 2635 256 2671 κατιλάμπων
273 2635 321 2662 καὶ
353 2633 505 2669 φαιδρύνων
519 2635 549 2662 τὸ
567 2635 731 2670 ἡγεμονικὸν
747 2633 848 2666 αὐτῶν,

72 2683 160 2713 καθὼς
176 2683 224 2709 καὶ
247 2684 274 2708 ἐν
291 2682 442 2718 προοιμίοις
458 2682 505 2707 τοῦ
537 2681 668 2716 παρόντος
684 2681 850 2715 Εὐαγγελίου

924 950 1017 973 essent
1043 946 1175 976 adversus
1198 956 1261 976 eum
1289 951 1502 984 accusationem,
1521 958 1615 988 utpote
1642 955 1709 991 legis

924 994 1140 1027 transgressione
1155 994 1192 1021 illi
1205 1000 1374 1033 parcentem,
1388 1005 1448 1032 quae
1457 999 1609 1027 secundum
1622 1001 1708 1037 legem

922 1036 1066 1071 lapidanda
1080 1044 1149 1067 erat.

957 1082 1034 1110 Vers.
1052 1084 1078 1111 6.
1096 1084 1310 1115 Iesus—terra.
1332 1087 1409 1121 Quod
1433 1089 1596 1125 frequenter
1619 1091 1709 1120 facere

922 1129 1022 1161 solent,
1044 1129 1091 1164 qui
1112 1132 1280 1166 respondere
1300 1133 1395 1160 nolunt
1411 1134 1565 1170 importuna
1583 1137 1708 1173 indigna-

921 1183 973 1210 que
985 1176 1160 1210 rogantibus:
1173 1177 1281 1212 cognita
1291 1179 1364 1205 enim
1372 1179 1479 1207 illorum
1492 1182 1706 1217 machinatione,

921 1220 1039 1255 ﬁngebat
1060 1229 1089 1249 se
1112 1221 1140 1249 in
1157 1226 1228 1251 terra
1248 1223 1379 1256 scribere,
1403 1232 1453 1253 nec
1482 1226 1525 1254 his
1545 1229 1702 1262 attendere,

920 1274 980 1301 qua:
999 1266 1135 1294 dicebant.

954 1311 1036 1340 Yers.
1069 1314 1095 1340 7.
1120 1313 1333 1342 Cum—illam.
1357 1315 1425 1344 Vide
1454 1318 1616 1352 sapientiam
1635 1320 1706 1354 ejus,

919 1358 965 1392 qui
994 1359 1052 1393 ipsa
1077 1364 1120 1386 est
1149 1359 1308 1395 Sapientia.
1343 1361 1410 1389 Nam
1439 1364 1573 1399 sagaciter
1599 1365 1706 1394 illorum

919 1404 1026 1439 decepit
1043 1406 1260 1434 machinationes
1279 1417 1285 1434 :
1311 1408 1391 1436 simul
1407 1415 1434 1437 et
1457 1411 1593 1438 servando
1616 1412 1702 1448 legem

918 1454 944 1477 et
962 1451 1097 1484 parcendo
1110 1452 1226 1480 mulieri.
1240 1452 1379 1488 Siquidem
1390 1456 1414 1482 ei
1428 1456 1473 1491 qui
1487 1464 1520 1483 ex
1537 1457 1604 1491 ipsis
1614 1467 1627 1484 τι
1642 1467 1706 1493 pec-

918 1502 978 1523 cato
1006 1497 1135 1524 immunis
1159 1503 1253 1532 esset,
1284 1501 1411 1534 permisit
1439 1507 1468 1529 ut
1496 1510 1556 1530 eam
1583 1503 1705 1538 lapidare

919 1542 1050 1577 inciperet
1067 1553 1074 1571 :
1093 1544 1182 1571 scions
1197 1553 1293 1573 omnes
1310 1547 1431 1581 peccatis
1445 1555 1506 1575 esse
1520 1549 1664 1576 obnoxios.
1686 1563 1692 1568 -

953 1588 1031 1618 Vers.
1047 1590 1074 1617 8.
1090 1590 1255 1626 Rursumque
1266 1607 1301 1612 —
1313 1597 1385 1619 terra
1396 1611 1403 1620 .
1417 1593 1452 1620 Ut
1464 1594 1528 1620 dum
1543 1595 1599 1629 ipse
1615 1596 1640 1622 in
1657 1604 1705 1623 eos

891 1647 893 1649 -
915 1643 969 1662 non
988 1636 1143 1671 respiceret,
1161 1637 1354 1664 erubescerent
1369 1637 1457 1665 lenius
1472 1639 1632 1674 redarguti:
1652 1641 1704 1668 uti-

915 1688 968 1715 que
998 1681 1033 1707 ita
1059 1682 1104 1709 illo
1138 1681 1166 1708 in
1203 1683 1349 1711 scribendo
1369 1691 1511 1719 occupato,
1538 1686 1642 1720 liceret,
1664 1688 1704 1713 eis

916 1726 1015 1752 sensim
1036 1726 1193 1760 abscedere,
1216 1732 1369 1762 antequam
1386 1730 1556 1758 manifestius
1576 1733 1703 1758 condem-

914 1775 1045 1797 narentur
1064 1779 1070 1798 :
1087 1779 1150 1798 nam
1167 1779 1216 1798 sua
1233 1779 1339 1799 summa
1355 1773 1524 1809 benignitate
1539 1775 1620 1802 etiam
1635 1776 1701 1810 =psis

914 1817 1052 1852 parcebat.

950 1860 1027 1888 Vers.
1049 1861 1074 1889 9.
1089 1862 1173 1889 Atilli
1187 1877 1223 1882 --
1246 1868 1399 1898 postremos.
1425 1863 1521 1890 Nullus
1536 1864 1610 1891 enim
1646 1865 1701 1892 sei-

914 1915 994 1942 psum
1005 1915 1019 1934 a
1036 1913 1149 1943 peccato
1163 1909 1313 1936 immunem
1327 1909 1418 1936 dicere
1429 1915 1544 1944 poterat.

950 1951 1028 1979 Vers.
1043 1953 1070 1980 9.
1091 1953 1125 1980 Et
1141 1968 1175 1972 —
1187 1953 1264 1981 Vers.
1279 1954 1320 1981 10.
1338 1955 1519 1981 condemnavit
1532 1956 1543 1982 ?
1555 1956 1681 1983 Receden
1692 1970 1699 1976 ι

915 2003 955 2025 tes
973 2006 1092 2033 namque
1104 1999 1266 2026 dimiserant
1281 2007 1340 2026 eam
1361 1999 1502 2032 intactam,
1532 2001 1624 2035 utique
1643 2008 1697 2028 non

912 2043 1132 2076 condemnatam,
1149 2045 1224 2079 quod
1242 2044 1276 2072 ad
1296 2052 1325 2071 se
1335 2045 1505 2079 pertinebat,
1533 2045 1634 2079 alioqui
1647 2054 1697 2081 op~

911 2090 1077 2124 pressissent
1096 2098 1167 2117 eam.

948 2135 1024 2163 Vers.
1044 2137 1085 2163 II.
1101 2135 1164 2168 Quae
1177 2151 1210 2156 —
1226 2137 1378 2164 condemno.
1402 2137 1471 2164 Nam
1502 2139 1524 2165 si
1557 2138 1606 2170 illi,
1634 2146 1696 2166 cum

911 2180 1036 2208 homines
1054 2180 1120 2213 sint,
1139 2185 1165 2208 te
1173 2189 1227 2208 non
1240 2181 1500 2215 condemnaverunt,
1515 2183 1600 2210 multo
1611 2185 1696 2219 magis

870 2231 897 2262 1)
910 2234 971 2261 ego,
988 2226 1034 2260 qui
1051 2226 1121 2253 Deus
1136 2234 1208 2258 sum,
1222 2226 1346 2261 legisque
1362 2227 1503 2260 Dominus,
1515 2232 1541 2255 te
1558 2236 1613 2255 non
1629 2237 1698 2256 con-

908 2274 1020 2300 demno.

946 2317 1024 2346 Vers.
1040 2318 1081 2344 Il.
1095 2318 1144 2345 Abi
1158 2334 1192 2339 —
1206 2319 1362 2353 peccaveris.
1379 2319 1452 2346 Satis
1466 2320 1538 2347 enim
1559 2326 1617 2348 erat
1636 2321 1697 2350 talis

908 2364 1067 2400 divulgatio,
1103 2369 1130 2392 et
1144 2373 1233 2393 coram
1260 2369 1299 2392 tot
1320 2365 1484 2392 adversariis
1508 2367 1694 2394 erubescentia

910 2418 957 2445 pro
973 2410 1108 2445 supplicio
1125 2420 1132 2437 :
1147 2411 1264 2438 maxime
1275 2418 1337 2438 cum
1357 2410 1441 2438 sciret
1456 2412 1529 2446 quod
1546 2407 1621 2450 illam
1636 2417 1692 2439 talo

909 2457 991 2485 corde
1003 2456 1158 2492 poenileret.

945 2502 1021 2530 Vers.
1040 2501 1082 2530 I2.
1100 2502 1202 2529 Iterum
1217 2516 1252 2522 —
1266 2503 1370 2529 mundi.
1387 2501 1488 2537 Utpotc
1509 2508 1626 2530 mentem
1641 2504 1692 2530 ho-

908 2547 1012 2574 minum
1027 2547 1184 2574 illuminans
1195 2551 1223 2574 et
1237 2547 1271 2574 ab
1287 2555 1379 2574 errore
1388 2548 1491 2574 ducens
1499 2548 1690 2582 atlveritatem,

907 2598 922 2617 a
938 2594 1047 2625 peccato
1060 2591 1093 2617 ad
1107 2591 1235 2618 virtutem
1252 2600 1259 2617 :
1281 2595 1310 2618 et
1336 2595 1464 2626 tanquam
1497 2592 1637 2620 illustrans
1659 2600 1690 2620 ac

905 2636 1060 2663 exhilarans
1095 2636 1201 2663 animas
1235 2644 1342 2670 eorum,
1393 2637 1626 2672 quemadmodum
1662 2639 1688 2666 in

905 2682 1041 2709 Prutmuio
1053 2682 1195 2717 prmentis
1208 2682 1343 2718 Evangelii
1356 2682 1548 2716 dium-nimus,
1574 2684 1620 2712 ubi
1643 2684 1688 2712 di-

641 2771 738 2802 Varite
761 2771 914 2804 lecliones
932 2776 963 2803 et
985 2777 1080 2805 notae.

105 2841 158 2879 (‘25)
187 2842 237 2869 Pro
253 2841 457 2879 vulgari.‘.lesu_s_
476 2840 666 2879 a_u_t_em,~quod
696 2839 845 2868 llentenius

71 2876 181 2910 edJ.diI,
204 2881 317 2912 uterque
333 2877 426 2910 habet,
441 2875 495 2902 Καὶ
508 2875 622 2912 Ἰησοῦς.

937 2840 992 2876 (2m
1017 2839 1228 2875 ’Λποκρίνασθαι
1245 2840 1278 2867 Α.
