1919 3076
98 155 167 188 1⁵235

551 157 744 189 COMMENT.
765 156 806 186 IN
825 155 1015 187 JOANNEM.
1036 169 1071 176 —
1090 158 1169 189 CAP.
1190 160 1273 191 VIII.

1649 166 1717 199 ιὲῗϐ

93 214 140 248 χοῦ
154 213 228 248 λέγει
243 214 286 241 διὰ
302 213 351 250 τὴν
368 215 510 242 ἀσθένειαν
527 215 627 248 αὐτῶν,
642 216 685 242 ἵνα
703 216 816 246 ἐκείνοις
831 216 879 250 μὲν

931 215 1025 248 quitur
1039 221 1152 252 propter
1165 225 1259 245 eorum
1277 218 1491 247 imbecillitatem
1505 226 1546 253 ,ut
1576 222 1629 250 illis
1655 225 1719 259 qui-

93 259 135 294 εἴη
162 261 319 294 ἀσυμφανῆ,
348 262 403 293 τοῖς
427 261 624 297 δυνατωτέροις
653 261 681 288 δὲ
706 263 879 297 Χριστιανοῖς

93 306 214 339 ἐμφανῆ.
234 305 296 332 Ἐπὶ
309 306 419 333 πάντων
433 305 479 333 οὖν
494 306 549 334 τῶν
567 307 696 335 τοιούτων
709 308 812 344 ταύτην
837 309 880 343 γί-

92 360 181 377 νωσκε
196 351 245 386 τὴν
259 352 361 379 αἰτίαν.

127 397 201 432 Ἐγὼ
213 397 397 433 -ἐμαυτοῦ,
415 399 499 427 Πάλιν
511 400 577 436 πρὸς
590 401 633 428 τὸ’
647 401 689 428 Σὺ
702 402 769 436 περὶ
786 410 879 430 σεαυ-

91 443 145 470 τοῦ
155 444 324 478 μαρτιψεῐς,
333 446 447 473 ποιεῖται
456 446 502 473 τὸν
512 447 602 481 λόγον,
615 447 687 482 Ἐγὼ
699 449 767 482 εἶμι.
780 448 877 481 λέγων,

91 490 108 515 ὁ
120 490 279 523 μαρτυρῶν
292 492 358 526 περὶ
372 493 513 527 ἐμαυτοῦ,
526 494 550 519 εἰ
566 494 612 520 καὶ
629 494 718 525 οὐδεὶς
745 495 880 529 μαρτυρεῖ

90 536 155 568 περὶ
171 536 269 563 ἑαυτοῦ
284 545 291 553 ο
311 537 365 572 ἐγὼ
395 539 445 574 μὲν
461 539 514 575 γὰρ
532 539 570 572 ὡς
595 539 672 572 Θεὸς,
685 541 772 573 οὐδεὶς
793 542 822 568 δὲ
840 542 878 575 ὡς

89 581 137 607 ἄνθ
141 590 241 616 ρωπος.

123 674 178 700 Καὶ
196 689 228 694 -—
242 675 352 710 Πατήρ.
369 676 401 703 Εἰ
417 677 455 711 μὴ
468 676 524 711 ἑγὼ
539 678 609 705 δοκῶ
622 679 687 713 ὑμῖν
708 679 875 712 ἀξόπιστος.

87 721 232 754 Μαρτυρεί
253 721 308 757 γὰρ
326 721 369 748 διὰ
385 722 432 749 τοῦ
453 727 592 759 προφήτου
621 725 720 759 λέγων·
741 725 807 753 Ἰδοὺ
830 726 875 753 τέ-

88 766 167 792 Θεικὰ
184 775 213 792 σε
228 767 268 798 εις
279 768 336 801 φῶς
348 769 444 801 ἐθνῶν,
459 769 553 805 [ἤγουν
568 771 624 805 (55)
639 772 679 802 εἰς
690 771 720 798 τὸ
732 770 803 799 εἶναι
819 773 875 806 φῶς

87 810 197 846 ἐθνῶν.)
215 812 381 848 Προειρηται
396 814 425 840 δὲ
443 816 491 841 καὶ
509 816 538 842 ὲν
556 815 595 852 τῷ
608 816 715 852 ἑϐδόμῳ
732 818 873 853 κεφαλαίῳ

86 859 146 890 πῶς
161 860 174 885 ὁ
190 861 284 896 Πατὴρ
302 863 437 897 μαρτυρεί
453 862 518 898 περὶ
534 863 628 897 αὐτοῦ,
643 864 709 891 ἔνθα
729 866 818 891 κεῖται
830 865 871 896 τὸ,
891 883 913 913 Β

930 261 991 288 dem
1002 263 1106 290 occulta
1122 263 1187 294 sint.
1198 264 1397 293 robustioribus
1411 274 1474 294 vero
1485 267 1648 297 Christianis
1661 279 1718 298 mae

930 308 1039 336 nifesta.
1062 310 1092 337 ln
1106 310 1232 338 omnibus
1245 320 1311 347 ergo
1331 313 1470 341 similibus
1500 323 1611 343 causam
1644 317 1716 346 hanc

930 354 1082 389 agnoscite.
1094 347 1098 351 ⁴

965 398 1044 428 Vers.
1059 401 1102 428 l8.
1117 401 1171 436 Ego
1182 417 1217 422 —
1228 403 1334 438 meipso.
1347 403 1465 432 Rursum
1483 406 1515 433 ad
1532 406 1570 440 id,
1584 409 1654 441 quod
1675 410 1716 436 di-

930 451 1046 473 xerant:
1067 448 1104 473 Tu
1121 449 1298 476 testimonium
1316 451 1432 483 perhibes
1469 452 1501 479 de
1525 455 1616 488 tt'ipso,
1642 457 1714 483 hunc

931 490 994 518 facit
1009 499 1166 520 sermonem
1187 494 1301 522 dicens:
1319 495 1373 530 Ego
1390 498 1569 525 testimonium
1594 502 1715 533 per/tinea

928 538 959 564 de
973 539 1078 571 meipso,
1095 539 1201 567 etiamsi
1222 548 1301 568 nemo
1318 542 1460 576 perhibcat
1471 545 1504 571 de
1531 546 1621 580 seipso
1637 555 1644 579 ;
1664 556 1714 583 ego

928 583 1061 618 siquidem
1079 590 1209 620 tanquam
1230 586 1301 614 Deus
1317 607 1325 620 ,
1360 596 1441 616 nemo
1465 595 1555 618 autem
1584 596 1711 628 tanquam

929 630 1021 657 homo.

963 675 1045 703 Vers.
1064 676 1105 703 18.
1125 677 1157 703 Et
1170 692 1204 697 -—-
1220 677 1311 706 Pater.
1329 679 1355 706 Si
1374 689 1423 715 ego
1436 682 1512 709 vobis
1537 683 1588 710 title
1615 684 1712 719 dignus

927 722 1098 748 nonvideor.
1131 722 1299 751 Fertautem
1332 725 1518 754 testimonium
1547 729 1640 756 dicens
1661 738 1709 764 per

927 766 1088 801 prophetam
1104 776 1110 794 :
1125 767 1206 794 Posui
1220 773 1243 795 te
1256 769 1282 795 in
1310 769 1392 797 lucem
1417 774 1534 806 gentium
1547 774 1579 805 ",
1603 775 1659 801 sive
1684 780 1713 801 ut

927 811 971 838 lux
992 812 1029 839 sis
1044 813 1177 847 gentium.
1208 813 1374 842 Pra‘diclum
1409 822 1450 844 est.
1480 823 1570 845 antem
1598 821 1712 854 septimo

927 856 1008 883 etiam
1026 857 1124 891 capite.
1142 859 1278 892 quomodo
1294 858 1374 887 Pater
1387 861 1421 888 de
1436 862 1494 897 ipso
1504 863 1575 890 ferat
1589 865 1713 891 testimo-

84 904 140 931 Kai
156 905 171 930 ό
189 904 310 939 πέμψας
320 914 358 940 με
371 907 472 942 Πατὴρ
483 908 551 944 (34),
568 910 659 942 αὐτὸς
667 910 875 944 μεμαρτύρηκε

930 900 1014 933 nium,
1033 901 1079 928 ubi
1096 901 1196 930 dicitur
1213 913 1218 930 :
1237 903 1271 930 Et
1300 905 1345 939 qui
1373 907 1443 933 misit
1474 916 1515 934 me
1539 909 1631 942 Pater,
1659 911 1713 944 ipse

84 948 154 981 περὶ
165 948 249 983 ἐμοῦ.

123 995 248 1029 Ἔλεγον
263 1010 299 1018 ι-
316 998 393 1032 σοῦ;
419 999 532 1034 Ἔλεγον
549 1001 628 1028 τοῦτο
644 1002 873 1036 προσποιούμενοι

82 1040 191 1074 ἀγνοεῖν
208 1043 268 1070 τινα
283 1044 356 1078 λέγει
367 1046 486 1081 Πατέρα,
499 1047 546 1073 καὶ
559 1048 744 1082 πειράζοντες.

127 1135 278 1171 Ἀπεκρίθη
309 1152 345 1157 -—
375 1148 443 1173 μου.
475 1139 541 1176 [Ὧς
570 1141 626 1175 (55)
658 1143 871 1176 προσποιεισθε·

82 1181 118 1216 τῇ
132 1181 246 1217 ἀληθείᾳ
262 1183 317 1218 γὰρ
332 1184 432 1217 οἴδατε,
447 1186 540 1217 καθὼς
552 1188 600 1214 καὶ
613 1188 742 1223 ἀνωτέρω
754 1187 871 1223 δεδήλω-

82 1236 140 1254 ται.
156 1228 190 1254 Ἦ
204 1228 284 1255 τοῦτο
299 1227 359 1256 εἶπε
370 1252 376 1263 ,
395 1231 463 1258 διότι
496 1233 708 1267 προσεποιοῦντο
728 1234 872 1268 γινώσκειν

82 1274 165 1300 αὐτὸν
180 1275 237 1301 υἱὸν
254 1275 301 1301 τοῦ
316 1276 415 1312 Ἰωσὴφ
426 1298 433 1309 ,
449 1277 535 1311 λέγων
546 1287 553 1294 ·
569 1280 599 1305 Ei
614 1278 701 1311 οὕτως
716 1280 816 1313 οἴδατε,
833 1281 870 1313 ὠς

82 1321 286 1354 προσποιεῖσθε,
298 1323 371 1350 Οὔτε
386 1324 438 1358 ἐμὲ
447 1324 547 1352 οἴδατε
557 1333 563 1340 ·
577 1326 607 1352 οὐ
620 1326 673 1361 γὰρ
687 1327 741 1361 ἐγὼ
755 1328 811 1360 υἱὶς
823 1328 870 1354 τοῦ

82 1364 202 1400 Ἰωσήῳ·
228 1367 297 1394 οὔτε
320 1368 374 1396 τὸν
397 1369 512 1404 Πατέρα
530 1380 610 1405 μοιμ
637 1373 692 1408 (56)
720 1373 749 1400 οὐ
776 1373 830 1409 γὰρ
856 1374 870 1400 ὁ

88 1410 185 1446 Ἰωσὴφ
198 1414 268 1448 πατή
274 1422 288 1448 ρ
301 1422 363 1448 μου.

119 1458 153 1483 El
163 1472 198 1477 -—
209 1458 306 1492 ᾔδειτε
315 1460 363 1486 ἅν.
375 1461 447 1493 Μιᾶς
456 1461 510 1497 γὰρ
522 1462 672 1498 ἀμφότεροι
685 1463 801 1498 φύσεως.
814 1465 869 1492 Καὶ

80 1503 111 1528 ὲν
125 1503 163 1536 τῷ
180 1504 368 1540 ἑκκαιδεκάτῳ
384 1506 412 1532 δὲ
428 1507 571 1543 κεφαλαίῳ
589 1509 657 1544 πρὸς
673 1509 719 1536 τὸν
734 1510 868 1537 Φίλιππον

927 948 1103 975 testimonium
1112 949 1240 983 perhibuit
1250 950 1282 976 de
1296 959 1336 978 me
1348 951 1381 979 ".

963 993 1038 1021 Vers.
1055 995 1098 1022 l9.
1126 994 1397 1024 Dixerunt—tuus?
1425 998 1554 1028 Dicebant
1581 1001 1631 1029 hoc
1659 1002 1711 1030 ﬁn-

924 1045 1027 1075 gentes,
1044 1047 1074 1067 se
1087 1040 1212 1075 ignorare
1227 1049 1373 1076 quemnam
1390 1044 1493 1073 diceret
1521 1046 1640 1081 Patrem,
1676 1057 1708 1075 ac

924 1090 1074 1114 tentantes.

958 1133 1036 1160 Vers.
1059 1133 1102 1160 19.
1125 1133 1268 1169 Respondit
1292 1150 1327 1155 —
1356 1144 1453 1163 meant.
1476 1136 1708 1169 Quemadmodum

923 1178 1059 1205 simulatis
1080 1189 1086 1206 :
1103 1188 1164 1207 nam
1184 1181 1210 1207 in
1232 1181 1345 1209 veritate
1365 1183 1462 1215 nostis,
1475 1184 1706 1217 quemadmodum

923 1224 1052 1258 superius
1068 1229 1210 1253 ostensum
1225 1231 1277 1254 est.
1293 1228 1347 1255 Aut
1363 1229 1415 1255 hoc
1445 1229 1522 1261 dixit,
1536 1230 1598 1264 quia
1623 1231 1710 1258 simu-

922 1269 1014 1296 labant
1025 1277 1054 1297 se
1069 1271 1138 1298 scire
1152 1272 1223 1306 quod
1243 1272 1313 1300 [ilius
1334 1278 1405 1301 esset
1419 1274 1531 1309 Ioseph.
1543 1275 1613 1302 Dicit
1623 1284 1704 1311 ergo:

923 1314 950 1342 Si
969 1322 1012 1342 me
1027 1315 1063 1342 ita
1082 1317 1258 1352 cognoscitis,
1274 1322 1302 1345 ut
1317 1318 1427 1354 ﬁngitis,
1447 1328 1528 1354 neque
1557 1329 1596 1347 me
1605 1324 1684 1348 nostis
1698 1330 1708 1356 ,-

921 1370 975 1389 non
994 1371 1053 1389 sum
1064 1363 1138 1390 enim
1156 1363 1354 1400 t'iliusJoseph:
1373 1375 1455 1402 neque
1466 1366 1571 1395 Patrem
1603 1377 1709 1403 nteant;

921 1416 984 1435 nam
1003 1408 1105 1443 Joseph
1123 1418 1178 1436 non
1192 1415 1235 1437 est
1252 1415 1329 1445 pater
1342 1420 1431 1439 meus.

958 1454 1035 1481 \‘ers.
1054 1455 1096 1482 19.
1117 1454 1147 1482 Si
1159 1470 1195 1475 ——
1210 1457 1299 1491 utique
1315 1458 1508 1493 cognavissetis.
1538 1458 1604 1487 Nam
1627 1461 1708 1489 unius

921 1507 1016 1527 sumus
1033 1500 1113 1527 ambo
1131 1505 1247 1528 naturae.
1260 1502 1287 1528 In
1303 1503 1408 1530 decimo
1422 1509 1498 1531 sexto
1512 1505 1593 1531 etiam
1619 1507 1707 1540 capite

79 1548 208 1583 εἴρηκεν·
234 1550 266 1576 ’0
289 1551 425 1585 ἑωρακὼς
448 1553 512 1587 ἐμὲ,
530 1554 639 1587 ἑώρακε
664 1556 717 1582 τὸν
741 1557 882 1591 ﬂazépa.‘

930 1545 988 1573 lixit
1000 1546 1033 1573 ad
1050 1547 1203 1582 Philippum
1222 1557 1228 1574 :
1245 1547 1296 1579 Qui
1309 1550 1372 1575 vidit
1384 1557 1433 1583 me,
1443 1551 1507 1577 vidit
1519 1555 1542 1577 et
1553 1550 1660 1578 Patrem
1673 1553 1705 1585 ⁵⁸,

79 1592 166 1627 ἤγουν
180 1594 193 1620 ό
210 1595 355 1630 νενοηκὼς,
369 1596 383 1621 ὁ
403 1598 494 1629 γνούς.
511 1598 620 1633 Εἶδησιν
632 1600 686 1634 γὰρ
699 1601 746 1627 καὶ
771 1603 866 1636 ὅρασιν

79 1638 132 1663 οὐκ
159 1638 291 1674 αἰσθητήν
324 1648 416 1674 φησιν,
433 1641 500 1667 ἀλλὰ
524 1643 634 1677 νοητήν.
666 1644 739 1671 Ἐπεὶ
765 1645 793 1672 δὲ
816 1647 866 1682 ἐμὲ

80 1684 275 1717 προσποιεῖσθε
293 1685 329 1720 μὴ
344 1687 453 1717 ειδέναι.
470 1687 624 1720 ἀκολούθως
639 1689 686 1715 καὶ
700 1690 746 1717 τὸν
758 1692 867 1727 Πατέρα

81 1738 134 1764 μου
148 1732 341 1764 προσποιεῖσθε
359 1732 397 1768 μὴ
418 1733 529 1762 ειδέναι.

119 1776 212 1802 Ταῦτα
222 1777 477 1813 -ψζοφυλακίῳ,
486 1779 579 1807 Ταῦτα
587 1782 621 1808 τὰ
631 1782 865 1819 παρρησιαστικώ

90 1821 291 1857 Επεσημήνατο
307 1824 361 1859 γὰρ
375 1825 421 1852 τὸν
436 1826 527 1858 τόπον,
543 1827 673 1854 δεικνύων
694 1827 743 1862 τὴν
760 1829 867 1864 mpm-

82 1869 142 1894 σίαν
154 1869 201 1895 τοῦ
217 1869 388 1898 διδασκάλου.
410 1872 614 1907 Γαζοφυλάκιον
628 1874 666 1906 δὲ,
680 1875 710 1901 τὸ
729 1875 866 1910 θησαυρο-

81 1913 225 1948 φυλάκιον,
239 1916 303 1950 περὶ
319 1913 350 1943 οὗ
364 1917 532 1953 πλατύτερον
544 1920 572 1945 ὲν
594 1919 633 1954 τῷ
654 1921 865 1957 τεσσαρακοστῷ

81 1959 182 1995 πρώτῳ
194 1961 333 1995 κεφαλαίῳ
341 1962 387 1988 τοῦ
403 1963 475 1990 κατὰ
489 1964 602 2000 Μάρκον
613 1966 776 2000 εἰρήκαμεν.

117 2051 270 2079 Διδάσκων
292 2052 326 2078 ἐν
341 2052 382 2085 τῷ
405 2053 481 2087 ἱερῷ.
497 2054 619 2090 Δημοείᾳ
631 2061 639 2071 ·
655 2055 683 2081 ἐν
699 2055 788 2090 τούτῳ
810 2055 865 2092 γὰρ

81 2094 115 2132 ἦν
126 2099 174 2123 καὶ
186 2097 216 2123 τὸ
229 2097 441 2133 γαζοφυλάκιον.

116 2144 171 2170 Kal
182 2158 217 2162 —
229 2145 331 2172 αὐτόν.
348 2144 426 2172 Οὕτω
437 2145 704 2182 παρρησιαζόμενον.

921 1592 978 1619 sive
991 1593 1129 1626 cognovit,
1147 1593 1291 1621 intellexit.
1307 1594 1374 1621 Nam
1389 1594 1519 1623 visionem
1535 1601 1562 1622 et
1572 1598 1708 1632 cognitiu-

920 1645 982 1664 ncm
1007 1637 1072 1664 dicit
1101 1646 1155 1666 non
1172 1639 1339 1671 sensibilem,
1356 1639 1402 1666 sed
1420 1640 1627 1675 intelligibilem.
1654 1642 1707 1669 διά

921 1685 983 1718 quia
1000 1691 1043 1710 me
1059 1691 1113 1711 non
1128 1693 1210 1713 nosse
1223 1693 1271 1712 vos
1284 1685 1428 1718 simulatis,
1444 1694 1613 1722 consequens
1625 1689 1706 1716 etiam

921 1733 962 1755 est
979 1733 1007 1755 ut
1024 1733 1049 1755 et
1068 1729 1174 1756 l’atrcm
1190 1739 1280 1757 meum
1297 1739 1345 1758 vos
1360 1740 1416 1758 non
1441 1740 1520 1759 nosse
1533 1733 1653 1767 litigatis.

957 1774 1036 1802 Vcrs.
1054 1775 1099 1802 20.
1118 1775 1179 1802 Ilwc
1190 1791 1225 1796 —
1237 1777 1438 1812 gazopltylucio.
1456 1778 1518 1805 Hmc
1534 1780 1614 1805 verba
1639 1780 1706 1806 libc-

921 1828 950 1848 re
992 1820 1074 1847 dicta.
1105 1820 1272 1856 Signiﬁcavit
1304 1826 1395 1850 autem
1420 1823 1520 1856 locum,
1559 1825 1706 1852 ostendens

921 1866 1029 1894 dicendi
1062 1866 1219 1894 libertatem
1253 1867 1341 1902 ipsius
1387 1869 1517 1895 doctoris.
1561 1869 1703 1906 Gazophy-

920 1912 1018 1939 lacium
1034 1920 1098 1940 vero
1116 1912 1237 1939 thesauri
1273 1914 1464 1947 repositorium
1497 1920 1566 1946 erat,
1590 1915 1624 1942 de
1651 1923 1705 1950 quo

921 1958 1001 1985 latius
1017 1959 1134 1986 diximus
1149 1959 1356 1995 quadragesimo
1383 1960 1469 1992 primo
1482 1960 1560 1994 juxta
1585 1960 1703 1989 Marcum

920 2004 1019 2039 capite.

956 2051 1033 2077 Vers.
1047 2050 1091 2078 20.
1104 2050 1204 2077 υοσειιε
1215 2051 1240 2076 in
1253 2051 1358 2085 templo.
1373 2050 1484 2079 Publice
1496 2060 1505 2085 ;
1516 2060 1580 2079 nam
1593 2052 1620 2079 in
1635 2058 1704 2080 ten-

919 2097 963 2133 plo
978 2097 1059 2124 etiam
1077 2101 1136 2124 erat
1150 2097 1384 2132 gazophylacium.

955 2143 1032 2171 Vers.
1047 2143 1091 2171 ‘20.
1107 2143 1140 2169 Et
1160 2158 1195 2163 —
1221 2151 1290 2170 eum.
1318 2143 1387 2171 Cum
1412 2143 1449 2171 ita
1472 2144 1557 2172 libere
1574 2146 1702 2180 loquere-‘

921 2196 974 2218 llll‘.

117 2238 222 2264 Ὀτι-
235 2238 339 2265 αὐτοῦ.
357 2238 389 2265 'H
401 2238 448 2265 τοῦ
466 2238 649 2275 συλληφθῆναι
661 2240 708 2266 καὶ
718 2240 864 2276 ἀναιρεθῆ-

955 2236 1034 2263 Vers.
1064 2235 1109 2262 20.
1133 2234 1201 2268 Quia
1221 2250 1256 2255 -——
1279 2235 1345 2270 ejus.
1375 2236 1432 2269 Qua
1460 2238 1657 2273 comprehendi
1674 2243 1704 2266 et

80 2291 124 2309 ναι
138 2283 229 2309 αὐτόν.
247 2282 321 2309 Ἔδει
334 2283 388 2319 γὰρ
400 2283 494 2310 τοῦτον
505 2283 546 2311 ἔτι
557 2285 803 2321 θανματουργῆσαι
816 2288 864 2314 καὶ

81 2329 184 2361 διδάξαι
205 2329 251 2356 καὶ
277 2329 390 2361 πολλοὺς
413 2330 452 2362 εις
471 2330 564 2357 πίστιν
590 2331 804 2365 ἐπισπάσασθαι,
827 2333 865 2364 ὡς

81 2377 127 2403 καὶ
143 2376 324 2410 προλαϐόντες
337 2376 498 2412 εἰρήκαμεν.
512 2377 636 2412 Συνεχῶς
647 2378 676 2403 δὲ
688 2378 767 2405 τοῦτο
779 2379 863 2413 λέγει,

81 2421 188 2452 δεικνὺς
212 2422 253 2447 ὅτι
273 2421 400 2454 πολλάκις
417 2423 644 2458 ἐπιχειρήσαντες
663 2423 711 2450 οὐκ
728 2423 863 2459 ὴδυνήῠη-

82 2475 144 2497 σαν,
172 2467 219 2493 καὶ
240 2467 281 2494 ὅτι
304 2467 358 2494 οὐδ’
383 2468 495 2504 ὕστερον
521 2469 678 2506 ἐκράτησαν
705 2470 739 2498 ἂν
770 2471 860 2506 αὑτὸν,

81 2512 106 2538 εἰ
125 2511 161 2547 μὴ
176 2511 230 2547 (57)
246 2512 325 2544 αὐτὸς
338 2513 479 2548 ἠθέλησεν.

135 2641 157 2658 "-
174 2640 227 2668 lsa.
246 2649 319 2674 lux.
348 2641 374 2669 6.
439 2641 462 2657 "
478 2641 556 2669 .Ioan.
573 2651 597 2674 ν,
615 2642 660 2669 57.

918 2283 976 2317 capi
994 2287 1096 2318 posset.
1113 2282 1210 2309 Adhuc
1223 2281 1295 2309 enim
1311 2283 1460 2317 oportebat
1479 2290 1542 2310 eum
1570 2285 1701 2312 miracula

918 2330 1024 2365 operari
1040 2337 1072 2356 ac
1103 2329 1211 2361 docere,
1242 2328 1395 2363 multosque
1407 2328 1439 2355 ad
1455 2329 1535 2356 [idem
1552 2331 1701 2364 attrahere,

918 2377 989 2404 sicut
1002 2376 1027 2402 in
1055 2374 1273 2409 praecedentibus
1304 2374 1432 2402 diximus.
1447 2374 1582 2402 Continue
1609 2380 1700 2403 autem

918 2423 969 2450 hoc
1001 2410 1253 2453 dicit,rostc~ndens
1276 2421 1349 2455 quod
1383 2420 1541 2455 frequenter
1581 2422 1606 2448 id
1642 2426 1701 2448 ten-

918 2473 1072 2497 tantcsnon
1092 2470 1251 2502 potuerunt,
1278 2470 1305 2493 et
1334 2466 1405 2501 quod
1438 2473 1576 2501 nunquam
1604 2469 1700 2500 poten-

919 2517 1002 2543 tiores
1017 2514 1049 2541 ad
1062 2521 1123 2540 eum
1143 2512 1402 2548 apprehendendum
1420 2512 1544 2545 fuissent,
1573 2511 1624 2538 nisi
1642 2511 1699 2537 ipso

919 2561 1060 2590 voluisset.

715 2643 738 2659 "
750 2643 828 2672 Joan.
845 2653 902 2678 xxv,
912 2645 939 2672 9.

676 2721 775 2753 Variae
791 2721 942 2753 lectiones
959 2723 990 2752 et
1009 2725 1103 2752 noun.

119 2805 176 2838 (55)
193 2803 297 2830 Inclusa
314 2803 473 2831 exciderunt
485 2805 517 2830 Δ.

119 2839 176 2875 (54)
189 2839 274 2875 Αὐτὸς
289 2840 388 2866 omittit
403 2839 432 2865 Β.

119 2876 174 2907 (55)
186 2874 290 2902 Inclusa
305 2875 447 2908 absunt_A.

951 2804 1006 2839 (56)
1022 2805 1079 2831 Μου
1093 2803 1180 2839 ᾔδειτε
1197 2803 1239 2834 ἂν,
1259 2802 1364 2830 ueteris
1378 2801 1485 2830 omissis
1505 2802 1537 2828 Α.

952 2841 1007 2876 (57)
1025 2840 1078 2866 Καί
1092 2839 1238 2873 interponit
1253 2839 1285 2865 A.
