1919 3076
247 115 329 160 1231'

282 183 358 210 Vers.
375 182 420 209 2i.
445 181 516 208 Dixit
532 195 566 201 -—
588 180 665 207 vurlo.
681 179 803 206 Transeo
817 185 831 204 a
845 183 952 204 terrena
968 177 1032 204 vita.
1050 182 1070 210 Α

280 275 357 303 Vcrs.
381 275 425 301 21.
455 274 488 300 Et
509 273 630 308 quceretis
647 280 696 299 me.
719 271 807 298 Etiam
833 269 960 304 superius
986 269 1038 297 hoc

231 316 326 352 'dixit,
341 324 368 347 et
383 319 418 346 ibi
437 319 602 346 declaratum
621 322 673 344 est.

280 367 358 394 Vers.
373 366 416 393 21.
435 366 468 392 Et
488 380 523 384 —
541 365 700 391 moriemini.
722 364 777 398 Ego
792 362 867 396 veni,
888 366 917 389 ut
939 369 986 389 vos
1002 361 1038 388 li-

246 413 370 439 berarem
394 411 428 438 ab
442 410 517 437 omni
539 413 651 444 peccato
669 414 759 437 vestro
783 418 789 435 :
813 408 877 443 quia
897 415 962 435 vero
985 415 1038 434 no-

247 457 350 488 luistis.
379 457 435 492 jam
462 456 543 489 abeo,
566 460 593 482 et
616 455 746 490 deincrps
772 455 800 482 in
827 454 902 482 omni
926 459 1037 489 peccato

246 508 338 530 vestro
350 502 515 533 moriemini,
531 501 603 536 quod
618 501 652 528 ab
662 509 693 528 eo
708 500 818 528 liberari
828 499 982 527 nolueritis.

284 593 427 620 Peccatum
448 597 538 619 autem
561 590 685 626 intellige
703 591 786 618 etiam
811 591 838 619 id
850 591 924 626 quod
940 591 1037 618 adver-

245 647 292 666 sus
310 640 399 674 ipsum
421 645 488 672 erat,
507 640 569 674 quia
595 639 767 666 interfecturi
793 637 882 672 ipsum
902 643 991 671 erant,
1009 637 1037 664 in

245 697 299 723 quo
323 689 422 715 mortui
439 693 513 721 sunt,
536 695 636 722 nempe
663 691 773 722 propter
799 685 865 713 illud
885 685 1000 721 jugulati
1019 693 1035 712 a

245 734 389 763 Romanis.
406 732 574 768 Vespasiano
591 737 618 759 et
631 732 703 758 Tito.

283 779 361 806 Vers.
378 779 422 806 21.
439 778 494 810 Quo
513 793 547 798 —
572 778 670 805 venire.
707 777 767 804 llaec
784 778 942 811 frequenter
958 777 1035 809 dicit,

245 826 350 852 animus
371 825 478 852 illorum
493 824 654 852 concutiens
668 828 695 850 et
713 827 865 850 exterrens.

282 871 358 898 Vers.
383 871 427 897 2'2.
456 871 581 897 Dicebant
604 884 637 889 ——
656 869 768 896 venire?
787 867 863 901 Quod
892 869 1033 903 optabant,
1050 853 1072 882 Β

244 916 297 943 hoc
314 917 393 943 etiam
410 916 630 950 suspicabantur.
643 915 712 948 Quid
726 923 792 950 ergo
802 914 943 942 Christus?
953 915 1036 943 Tollit

244 963 401 997 hujusmodi
427 962 623 997 suspicionem.
639 961 814 996 ostenditque
840 961 914 995 quod
935 969 1035 997 pecca-

245 1012 303 1034 tum
320 1008 353 1034 sit
370 1015 399 1034 se
421 1008 509 1042 ipsum
522 1008 693 1034 interimere.

281 1054 359 1081 Veis.
375 1053 420 1079 25.
441 1053 473 1079 Et
485 1069 517 1074 —-
538 1054 607 1080 estis.
625 1068 658 1075 -
670 1053 712 1080 Ea:
724 1057 806 1085 terra,
820 1060 875 1080 non
887 1053 960 1088 quod
972 1061 1035 1081 eor-

244 1106 294 1133 pus
326 1106 420 1125 eorum
453 1093 591 1125 terrenum
619 1102 701 1129 esset.
731 1098 779 1125 sed
803 1098 867 1132 quia
888 1097 1035 1132 prudentia

243 1144 353 1170 illorum
369 1149 443 1170 esset
462 1149 568 1170 terrena
591 1149 618 1170 et
632 1151 725 1179 prava.
746 1143 814 1170 Nam
831 1147 858 1171 et
880 1144 981 1171 Paulus
994 1144 1037 1171 di-

244 1197 310 1216 cens
327 1199 333 1216 :
351 1188 413 1216 Non
429 1191 490 1216 eatis
509 1198 541 1216 ea:
553 1197 634 1216 carne
656 1189 689 1223 ⁸⁸,
705 1196 815 1216 carnem
837 1189 955 1225 appellat
971 1197 1036 1224 pru-

244 1235 363 1262 dentiam
379 1236 528 1264 carnalem.

278 1279 358 1306 Vers.
372 1280 416 1307 25.
433 1280 488 1314 Ego
499 1295 532 1299 —
543 1288 612 1307 sum.
629 1294 663 1301 —
678 1279 715 1306 De
726 1280 807 1313 uelo;
823 1287 877 1307 non
890 1280 963 1315 quod
978 1280 1036 1315 ipse

243 1325 278 1352 de
293 1325 362 1352 etelo
377 1326 505 1356 venisset,
533 1325 581 1352 sed
602 1325 664 1360 quia
682 1325 826 1360 prudentia
841 1325 901 1359 ejus
915 1325 1036 1353 etelestis

243 1375 317 1398 esset
332 1379 363 1398 ae
378 1371 481 1398 divina.
504 1370 606 1398 Deinde
629 1378 784 1397 sermonem
801 1378 880 1398 suum
895 1371 1034 1405 explanat.

281 1416 360 1443 Vers.
374 1417 419 1443 25.
435 1417 481 1443 Vos
499 1432 533 1436 —
549 1417 606 1444 hoc.
627 1416 757 1444 Mundum
776 1417 820 1444 hic
836 1417 903 1444 dicit
916 1417 1033 1444 munda-

243 1470 318 1493 nam.
344 1471 452 1496 pravam
491 1470 522 1489 ac
538 1467 674 1490 terrenam
698 1462 882 1497 prudentiam.
897 1462 1035 1495 Quemad-

243 1508 355 1535 modum
373 1509 446 1535 enim
473 1509 585 1543 spiritus
598 1509 709 1542 dicitur,
725 1508 874 1543 spiritualis
887 1508 1031 1543 sapientia.
1046 1521 1068 1553 ρ

243 1559 271 1581 et
286 1562 361 1586 caro,
375 1555 492 1582 carnalis
511 1565 517 1582 :
537 1555 572 1582 ita
590 1560 617 1582 et
637 1561 708 1582 terra
724 1562 756 1581 ac
780 1554 909 1586 mundus,
926 1558 1034 1581 terrena

243 1607 276 1626 ac
300 1601 448 1627 mundana.
467 1601 511 1626 Ait
531 1608 615 1635 ergo:
638 1601 693 1635 Ego
711 1608 766 1627 non
781 1599 852 1627 sicut
873 1606 923 1627 vos
946 1600 1034 1634 sapio,

245 1648 274 1670 ut
287 1652 330 1671 me
345 1644 433 1679 ipsum
447 1645 622 1672 interiieiam.

281 1689 360 1717 Vers.
379 1691 423 1717 2t.
438 1690 501 1716 Diri
516 1705 550 1711 -ο
568 1691 667 1718 vestris.
681 1691 778 1719 Adhuc
793 1698 840 1719 eos
853 1694 973 1719 exterret
987 1699 1034 1720 vo-

244 1747 305 1774 lens
321 1748 500 1782 persuadere.

283 1794 360 1821 Vers.
378 1795 422 1820 24.
444 1793 473 1821 Si
499 1795 568 1821 enim
591 1795 740 1822 ——vestris.
766 1793 802 1828 Si;
817 1802 868 1821 non
892 1794 1033 1820 credideri-

244 1840 287 1870 tis,
316 1838 384 1873 quod
408 1847 454 1873 ego
479 1840 540 1874 sint,
569 1840 694 1867 videlicet
715 1840 839 1867 Christus
860 1839 945 1867 Filius
961 1838 1031 1874 lDei,

243 1884 395 1910 moriemini
423 1885 450 1911 in
476 1886 588 1919 peccatis
612 1887 714 1917 vestris,
730 1886 834 1913 detenti
847 1886 881 1913 ab
897 1885 947 1912 eis.
963 1885 1031 1912 Nam

243 1929 289 1963 qui
308 1937 361 1956 non
373 1930 530 1961 crediderit.
546 1935 574 1958 et
593 1939 641 1966 per
660 1932 826 1966 baptismum
843 1939 858 1958 a
877 1930 957 1958 sorde
966 1938 1030 1965 pec-

242 1975 296 2002 cati
317 1983 372 2002 non
389 1975 498 2003 ablutus
509 1976 601 2008 fuerit,
616 1978 728 2004 omnino
741 1978 767 2004 in
788 1977 832 2004 illa
845 1978 991 2010 morietur,
1004 1981 1032 2004 et

242 2028 307 2049 cum
324 2029 355 2047 ea
370 2029 518 2056 resurgens
528 2021 606 2049 dabit
627 2030 732 2057 poenas.

277 2067 354 2093 νει-ε.
376 2067 421 2094 24.
452 2068 582 2094 Dixerunt
606 2082 641 2087 —
663 2069 711 2095 es?
740 2068 946 2098 Subsannantes
979 2070 1031 2099 hoc

241 2113 371 2141 dicebant
386 2121 417 2141 ae
430 2118 579 2142 tentantes.

276 2160 355 2187 Vers.
369 2160 414 2186 25.
431 2160 465 2187 Et
478 2161 603 2188 —vobis.
621 2160 776 2189 Defectivus
791 2166 834 2189 est
849 2169 940 2190 sermo
953 2163 1028 2198 juxta

242 2210 410 2232 consuetum
436 2206 562 2240 loquendi
581 2207 692 2234 modum
715 2208 763 2242 (It).
790 2207 856 2236 Tale
871 2214 913 2236 est
925 2214 1027 2243 autem,

241 2258 274 2278 ac
289 2251 311 2278 si
327 2251 430 2278 diceret
447 2261 453 2279 :
470 2251 586 2279 Omnino
602 2253 770 2287 superﬂuum
792 2259 834 2281 est
853 2255 1030 2291 etiam,quod

240 2297 320 2324 vobis
345 2297 461 2331 loquar;
486 2306 548 2325 nam
571 2299 643 2326 omni
673 2307 799 2328 sermone
825 2300 926 2336 indigni
952 2303 1027 2335 estis.

242 2347 337 2376 utpote
354 2348 515 2371 tentatores.

224 2411 230 2414 .
277 2386 356 2416 Vers.
380 2389 426 2416 26.
445 2389 529 2416 Multa
552 2405 586 2410 —
602 2391 729 2422 iudicare.
752 2392 834 2419 Multa
857 2393 890 2421 de
902 2394 978 2422 vobis
1000 2395 1027 2421 in

239 2435 441 2462 accusationem
464 2435 557 2464 dicere
576 2444 695 2471 possem,
716 2442 744 2465 et
764 2439 888 2473 judicare
910 2439 943 2466 ad
975 2448 1025 2475 pu-

238 2479 383 2512 niendum;
393 2481 440 2508 sed
450 2488 524 2508 nunc
538 2482 613 2514 nolo,
627 2483 689 2517 quia
702 2490 754 2510 nee
769 2483 850 2510 Pater
866 2492 942 2511 meus
959 2485 1024 2513 vult.

238 2526 366 2553 Prmdixit
379 2527 461 2560 enim,
474 2530 545 2563 quod
559 2536 614 2556 non
628 2529 735 2557 miserit
750 2528 821 2557 Deus
834 2530 931 2557 Filium
944 2539 1024 2560 suum

293 2616 316 2633 "
333 2616 413 2644 Rom.
432 2625 491 2648 vni,
505 2616 531 2644 9.

851 122 1041 153 ΕυΤΗΥΜΙΙ
1061 123 1243 155 ZlGABENI

1829 126 1899 158 13‘?

1122 177 1216 206 Εἶπεν
1249 195 1282 200 -
1311 179 1425 215 ὑπάγω.
1460 181 1626 209 Μεταϐαίνω
1654 182 1708 209 ἀπὸ
1738 183 1796 217 τῆς
1838 183 1899 209 ἔπιε

1089 226 1164 260 γείου
1183 226 1264 260 ζωῆς.

1122 272 1177 298 Καὶ
1209 271 1354 305 ζητήσετέ
1379 281 1427 307 με.
1457 274 1512 300 Καὶ
1541 274 1671 310 ἀνωτέρω
1699 276 1785 303 τοῦτο
1819 276 1899 308 εἷπε,

1089 318 1136 344 καὶ
1152 317 1314 353 ἡρμηνεύθη
1331 318 1398 345 ἐκεῖ.

1125 362 1177 389 Kal
1191 377 1226 382 —
1242 362 1451 390 ἀποθανεῖσθε.
1472 361 1574 390 *Ηλθον
1600 364 1799 400 ἐλευθερώσων
1843 367 1899 401 (58]

1088 408 1160 442 ὑμᾶς
1177 408 1230 434 ἀπὸ
1245 409 1338 444 πάσης
1355 408 1495 444 ἁμαρτίας
1515 409 1591 445 ὑμῶν
1605 419 1613 426 υ
1630 411 1691 437 ἐπεὶ
1708 411 1736 437 δὲ
1750 412 1810 438 οὐκ
1830 412 1899 447 ἠθε-

1087 453 1200 489 λήσατε,
1218 454 1384 490 ἀπέρχομαι,
1408 456 1456 481 καὶ
1484 455 1577 482 λοιπὸν
1600 457 1629 483 ἐν
1656 457 1732 493 πάσῃ
1758 458 1899 494 ἁμαρτίᾳ

1089 498 1166 534 ὑμῶν
1200 499 1383 527 ἀποθανεῖσθε
1420 500 1459 535 μὴ
1492 500 1656 536 Θελήσαντες
1687 502 1899 538 ἀπαλλαγῆναι

1088 545 1186 580 αὐτῆς.

1130 599 1283 637 ’Δμαρτὶαν
1306 602 1335 629 δὲ
1362 603 1458 638 νόησον
1485 603 1533 630 καὶ
1556 602 1606 639 τὴν
1631 604 1671 636 είς
1699 604 1802 638 αὑτδν,
1823 605 1899 632 διότι

1087 647 1201 683 ἔμελλον
1228 649 1333 676 ἀνελεῖν
1362 650 1455 684 αὐτὸν,
1486 651 1516 677 ὲν
1540 648 1557 688 ᾖ
1585 652 1733 685 ἀπέθανον,
1762 653 1839 688 ἤτοι
1867 652 1899 678 δι’

1087 695 1120 730 ῆν
1136 696 1347 730 κατεσφάγησαν
1364 695 1416 723 ὑπὸ
1433 697 1488 724 τῶν
1505 697 1659 732 Ῥωμαίων,
1670 698 1899 726 Οὐεσπασιανοῦ

1088 741 1136 767 καὶ
1150 741 1241 768 Τίτου.

1125 787 1221 814 Ὅπου
1232 802 1266 806 --
1275 787 1385 816 ἐλθεῖν.
1397 789 1521 825 Συνεχῶς
1532 789 1618 817 ταῦτα
1627 790 1713 824 λέγει,
1723 790 1896 818 κατασείων

1088 832 1179 859 αὐτῶν
1193 834 1242 865 τὰς
1255 834 1344 869 ψυχὰς
1361 835 1410 862 καὶ
1424 835 1558 870 ἐκφοϐῶν.

1126 878 1251 912 Ἔλεγον
1265 894 1299 898 --
1316 879 1427 907 ἐλθεῖν.
1450 881 1482 906 Ὃ
1498 879 1638 907 ὲὸούλοντο
1654 880 1731 907 τοῦτο
1745 880 1797 906 καὶ
1816 881 1895 906 ὑπέ-

1087 923 1181 950 λαὸον.
1193 924 1226 950 Τί
1240 924 1286 951 οὖν
1300 925 1457 960 ὁΧριστὸς;
1476 927 1596 961 Ἀναιρεῖ
1610 926 1658 962 τὴν
1668 927 1796 960 τοιαύτην
1810 926 1892 953 ὑπό-

1087 969 1180 1004 ληψιν,
1204 970 1253 998 καὶ
1273 970 1409 998 δείκνυσιν
1428 972 1469 998 ὃτι
1492 972 1616 1008 ἁμαρτία
1637 972 1694 998 ἐστὶ
1715 972 1744 998 τὸ
1769 971 1890 999 ἀνελεῖν

1087 1016 1194 1044 ἑαυτόν.

1122 1062 1333 1090 Καὶ-ἐστέ.-
1343 1063 1459 1099 Ἐκξτῆς
1467 1064 1534 1099 γῆς,
1547 1065 1595 1100 οὐχ
1603 1065 1645 1091 ὅτι
1655 1064 1685 1091 τὸ
1696 1064 1778 1100 σῶμα
1789 1064 1892 1092 αὐτῶν

1087 1107 1119 1133 ἐκ
1136 1107 1185 1142 τῆς
1202 1108 1270 1142 γῆς,
1289 1108 1346 1135 ἀλλ’
1363 1110 1404 1135 ὅτι
1421 1109 1450 1135 τὺ
1468 1109 1595 1145 φρόνημα
1609 1110 1702 1136 αὐτῶν
1721 1110 1822 1145 γήϊνον
1839 1110 1892 1136 καὶ

1088 1153 1201 1187 φαῦλον.
1229 1155 1283 1180 Καὶ
1311 1155 1325 1180 ὁ
1355 1155 1460 1187 Παῦλος
1489 1155 1554 1190 γὰρ,
1585 1155 1689 1190 λέγων’
1714 1156 1778 1182 οὐκ
1812 1155 1892 1183 ἐστὲ

1087 1197 1122 1224 ἐν
1137 1199 1228 1232 σαρκί
1239 1207 1245 1214 ·
1263 1199 1353 1234 σάρκα
1369 1200 1399 1226 τὺ
1413 1200 1546 1235 caput.be
1560 1201 1689 1236 φρόνημα
1703 1199 1794 1235 λέγει.

1129 1289 1417 1325 Ἑγὼ-εὶμίπ-Ὲκ
1432 1290 1487 1317 τοῦ
1504 1291 1645 1325 οὐρανοῦ,
1662 1291 1712 1327 οὐχ
1722 1292 1765 1318 ὅτι
1782 1292 1818 1318 ὲκ
1837 1291 1887 1319 τοῦ

1086 1334 1203 1370 οὐρανοῦ
1219 1333 1302 1371 ἧκεν,
1325 1336 1381 1362 ἀλλ’
1398 1337 1438 1364 ὅτι
1452 1336 1483 1363 τὸ
1499 1337 1625 1372 φρόνημα
1643 1337 1726 1364 αὑτοῦ
1750 1337 1886 1373 οὐρά-,ιον

1087 1381 1135 1407 καὶ
1149 1381 1230 1408 θεῖον.
1252 1380 1318 1408 Εἶτα
1335 1382 1479 1418 σαφηνίζει
1495 1383 1540 1409 τὸν
1555 1383 1643 1417 λόγον.

1130 1427 1278 1461 ’Υμεῖς-
1307 1429 1426 1456 τούτου.
1451 1429 1561 1462 Κόσμον
1592 1428 1708 1455 ἐνταῦθα
1731 1428 1810 1462 λέγει
1851 1428 1881 1455 -ιὺ

1086 1473 1217 1508 κοσμικδν
1231 1473 1277 1499 καὶ
1292 1473 1393 1508 φαῦλον
1419 1474 1464 1500 καὶ
1489 1475 1582 1509 γήϊνον
1605 1474 1742 1509 φρόνημα,
1769 1475 1882 1509 Ὥσπερ

1085 1519 1140 1554 γὰρ
1156 1519 1264 1554 πνεῦμα
1282 1520 1392 1554 λέγεται
1409 1521 1439 1547 τὸ
1466 1521 1651 1556 πνευματικὸν
1673 1522 1818 1556 φρόνημα,
1836 1523 1884 1548 καὶ

1087 1565 1154 1600 σὰρξ
1185 1566 1214 1592 τὸ
1239 1566 1386 1602 σαρκικόν·
1407 1565 1477 1593 οὕτω
1500 1567 1547 1593 καὶ
1570 1567 1605 1602 γῆ
1647 1567 1693 1593 καὶ
1719 1568 1826 1602 κόσμος
1854 1567 1882 1593 τὸ

1086 1612 1180 1647 γήϊνον
1201 1612 1249 1638 καὶ
1263 1614 1406 1648 κοσμικόν.
1430 1614 1514 1648 Φησὶν
1527 1612 1572 1640 οὖν
1598 1615 1638 1640 ὅτι
1662 1613 1734 1647 Ἐγὼ
1755 1616 1809 1649 οὐχ
1845 1615 1881 1646 ὡς

1086 1657 1165 1692 ὑμεῖς
1182 1659 1285 1693 φρονῶ,
1302 1659 1346 1686 ἵνα
1363 1660 1515 1686 ἀποκτείνω
1530 1662 1658 1695 ἐμαυτόν.

1121 1701 1219 1731 Εἶπον
1234 1719 1267 1723 -
1282 1703 1375 1739 ὑμῶν.
1393 1705 1454 1732 Ἔτι
1469 1706 1581 1741 ὲκφοῦεῖ
1598 1707 1694 1743 agni);
1710 1708 1877 1744 βουλόμενος

1085 1758 1189 1778 πεισαι.

1119 1796 1184 1823 Κᾶν
1200 1796 1255 1832 (59)
1270 1811 1305 1817 —-
1319 1796 1411 1832 ὑμῶν.
1422 1797 1489 1824 Ἐὰν
1504 1797 1547 1832 μὴ
1563 1799 1747 1833 πιστεύσητε
1760 1801 1809 1828 ὅτι
1822 1801 1875 1836 ἐγώ

1083 1843 1152 1877 εἶμι,
1168 1843 1267 1878 δηλαδὴ
1281 1843 1295 1869 ὁ
1309 1843 1426 1879 Χριστὸς
1439 1845 1452 1870 ὀ
1468 1844 1531 1876 Υἱὸς
1554 1845 1599 1871 τοῦ
1621 1845 1698 1881 Θίῖοῦ³
1715 1846 1875 1875 datatim-cio

1084 1890 1139 1916 σθε
1155 1888 1189 1915 ἐν
1203 1889 1267 1922 ταῖς
1286 1889 1442 1924 ἁμαρτίαις
1458 1891 1552 1925 ὑμῶν,
1571 1893 1743 1927 συνεί-ὁμενοι
1767 1895 1871 1927 αὑταῖς.

1090 1934 1119 1961 ’0
1134 1935 1188 1971 γὰρ
1205 1935 1242 1972 μὴ
1259 1936 1417 1968 πιστεύσας,
1432 1938 1479 1964 καὶ
1489 1937 1532 1964 διὰ
1550 1937 1739 1972 βαπτίσματος
1755 1940 1872 1968 ἀπολου-

1084 1981 1202 2016 σάμενος
1216 1982 1261 2008 τὸν
1278 1982 1363 2017 ῥύπον
1379 1982 1433 2009 τῶν
1448 1984 1591 2018 ἁμαρτιῶν
1602 2005 1610 2017 ,
1628 1986 1657 2010 ὲν
1671 1985 1746 2020 αὐτῷ
1762 1987 1871 2020 πάντως

1082 2027 1275 2061 ἀποθανεῖται,
1299 2028 1347 2055 καὶ
1365 2029 1423 2064 μετ’
1440 2030 1523 2057 αὐτοῦ
1544 2031 1663 2063 ἀναστὰς
1681 2032 1760 2067 δίκην
1778 2034 1869 2061 δώσει.

1120 2075 1248 2109 Ἔλεγον
1271 2089 1308 2095 -
1330 2075 1374 2108 sl;
1389 2076 1568 2109 Φαυλίςοντες
1589 2078 1669 2105 τοῦτο
1695 2078 1801 2113 ἔλεγον,
1826 2082 1869 2107 καὶ

1082 2120 1269 2155 πειράζοντες.

1117 2166 1172 2193 Καὶ
1189 2182 1224 2188 —
1245 2167 1328 2202 ὑμῖν.
1348 2168 1533 2196 Ἐλλειπτικὺν
1553 2169 1583 2196 τὸ
1608 2170 1682 2206 ῥῆμα
1707 2171 1768 2197 κατ’
1792 2169 1867 2208 ἦθος.

1084 2213 1116 2240 Ὀ
1136 2212 1164 2239 δὲ
1179 2213 1254 2248 λέγει
1267 2214 1388 2241 τοιοῦτόν
1403 2216 1460 2242 ἐστι
1471 2224 1479 2231 ο
1493 2216 1580 2247 "Olet;
1595 2216 1636 2243 ὅτι
1651 2218 1698 2244 καὶ
1715 2217 1790 2245 λαλῶ
1806 2220 1866 2254 ὑμῖν

1079 2259 1208 2294 περιττόν
1224 2260 1298 2286 ἐστιν
1309 2268 1315 2276 ·
1333 2260 1437 2293 ἀνάξιοι
1453 2261 1507 2297 γάρ
1523 2262 1585 2289 ἐστε
1603 2263 1701 2295 παντὸς
1718 2263 1815 2298 λόγου,

1079 2306 1234 2339 πειρασταί.

1113 2391 1217 2418 Πολλὰ
1241 2407 1276 2413 —-
1298 2393 1422 2427 κρίνειν.
1448 2394 1537 2422 Πολλὰ
1560 2395 1678 2431 δύναμαι
1702 2397 1770 2432 περὶ
1789 2400 1861 2432 υμῶν

1078 2436 1170 2463 λαλεῖν
1188 2438 1228 2467 είς
1244 2439 1427 2474 κατηγορίαν,
1446 2441 1492 2467 καὶ
1509 2440 1613 2476 κρίνειν
1630 2443 1670 2473 εις
1687 2443 1716 2469 τδ
1733 2444 1860 2472 κολάσαυ

1078 2482 1135 2513 ἀλλ’
1149 2484 1179 2510 οὐ
1193 2484 1324 2519 βούλομαι
1336 2485 1395 2519 νῦν,
1407 2487 1477 2513 διότι
1489 2487 1550 2513 οὐδὲ⁹
1565 2488 1580 2514 ὁ
1590 2488 1686 2523 Πατήρ
1702 2497 1753 2523 μου
1772 2490 1859 2525 βούλε-

1078 2540 1132 2560 ται.
1162 2533 1315 2569 Προείρηκε
1342 2533 1396 2569 γὰρ
1424 2534 1465 2561 ὅτι
1493 2535 1544 2562 οὐκ
1572 2535 1734 2564 ἀπέστειλεν
1760 2539 1775 2566 ὸ
1799 2538 1858 2571 Θεὸς

861 2664 957 2694 Vat-ite
974 2664 1127 2697 lectiones
1148 2671 1178 2698 et
1200 2673 1294 2701 noue.

271 2724 327 2759 (38)
344 2725 453 2751 Ἑλευθε
459 2725 544 2759 ρῶσαι
560 2725 591 2752 Λ.

273 2760 328 2796 (59)
348 2760 412 2787 Vide
441 2761 576 2787 variantes
607 2760 737 2788 lectiones
764 2761 844 2790 codd.
874 2761 1010 2797 Euthymii
1027 2763 1053 2789 in
1069 2763 1160 2798 operis
1171 2765 1307 2800 principio
1324 2770 1441 2795 notatas.

274 2850 312 2887 (In)
324 2852 406 2880 Juxta
418 2868 451 2872 —
462 2853 577 2880 modum.
594 2853 624 2881 Et
640 2860 772 2889 moratus,
790 2843 851 2888 seu;
863 2855 908 2890 qui
924 2864 1013 2885 morcs
1032 2857 1171 2892 exprimit.
1191 2858 1330 2896 interpres
1341 2861 1378 2889 ita
1391 2868 1422 2889 ac
1434 2862 1456 2890 si
1475 2862 1570 2905 legerit
1590 2865 1661 2891 κατὰ
1683 2865 1712 2891 τὺ
1729 2866 1795 2899 ἔθος.
