1919 3076
219 144 285 176 1271

837 152 1029 183 EUTHYMII
1049 155 1229 188 ZIGABENI

1775 159 1846 191 12272

215 204 311 233 tantes,
330 200 377 228 sed
392 201 424 228 ail
438 209 481 229 res
500 203 582 238 ipsas.
599 203 666 232 item
680 210 707 234 et
719 207 815 235 aliter:
827 207 997 235 Circumcisii

1061 211 1110 246 μὲν
1124 213 1259 249 περιτομὴ
1287 214 1399 250 σημεῖον
1429 211 1464 251 ἦν
1483 215 1564 250 μόνον
1598 215 1746 252 Ἕϐραίουο
1769 216 1800 242 τὸ
1815 217 1845 242 δὲ

213 245 323 281 quidem
341 247 428 274 solum
446 248 568 277 Hebrmis
585 251 691 285 signum
704 257 775 281 erat:
789 253 861 289 quod
878 258 968 281 autem
986 262 1001 281 a

214 300 257 320 me
276 293 374 321 factum
389 299 440 327 cst,
455 295 560 332 integra
572 297 623 326 fuit
645 300 748 328 sanitas
765 308 796 329 ac
812 301 913 329 veritas
931 302 1001 338 ejus,

213 340 284 374 quod
298 340 509 375 signiﬁcabatur.

250 384 326 412 Vers.
341 385 386 412 25'.
404 386 532 414 Direbant
548 403 582 408 —
598 390 672 417 Vers.
684 390 729 418 26.
748 391 848 420 dicunt.
866 392 1002 428 siquidem

214 429 353 457 silentium
372 431 424 458 illis
441 433 618 467 imposuerat.

250 475 329 503 νει-ε.
343 477 388 504 26.
407 477 478 505 Num
494 494 528 499 —
544 479 664 509 Christus
675 482 688 509 ἵ
701 482 778 510 Tunc
791 484 864 511 enim
883 488 910 511 et
925 483 1002 519 prin-

213 521 288 556 eipes
307 522 335 549 in
354 523 431 550 turba
452 529 539 552 erant.

247 566 328 594 Vers.
345 568 391 595 ΞΤ.
405 569 459 597 Sed
474 586 507 591 --
524 573 584 599 erit.
615 573 694 608 Atqui
713 575 849 610 principes
862 576 945 603 vestri
959 576 1002 603 in-

213 614 343 649 terrogati
358 615 391 642 ab
406 615 521 649 Herode,
536 617 581 645 ubi
597 619 752 647 nasciturus
775 625 849 648 esset
862 621 1000 654 Christus,

213 659 343 687 dixerunt
363 661 385 688 ei
399 668 407 688 :
431 662 466 688 In
481 664 613 691 Bethleem
635 665 734 693 Iudaea:
746 666 767 682 "
783 674 790 693 :
806 667 872 701 quin
890 671 917 694 et
939 675 1002 703 pro-

211 705 342 740 phetiam,
354 715 413 742 quas
428 707 480 736 hoc
491 709 664 744 signiﬁcaret,
679 711 851 739 addiderunt:
866 713 1002 748 quomodo

212 757 276 786 ergo
291 753 442 787 nugamini,
459 754 583 784 dicentes
600 757 672 792 quod
688 757 807 785 Christus
822 767 879 785 cum
892 759 1000 791 venerit,

212 805 286 823 nemo
299 801 429 833 cognoscit
446 802 514 828 unde
531 803 595 829 erit?
617 803 762 835 Prazterea,
777 805 800 831 si
819 805 892 832 hunc
913 805 1002 833 nostis

213 842 283 869 unde
299 843 344 875 sit,
362 846 495 878 quomodo
516 847 625 881 quidam
651 857 684 876 ex
700 849 778 877 vobis
806 850 908 878 dicunt:
923 850 1002 878 Hunc

212 888 390 923 nonjnovimus
401 891 467 918 unde
474 892 554 920 sit"?
569 893 624 921 Hoc
632 895 712 922 modo
723 896 823 924 malitia
833 904 886 924 non
902 897 1002 925 intelli-

211 932 259 966 git,
276 934 346 967 quod
365 935 415 961 sibi
435 936 485 971 ipsi
502 939 671 967 contradicat
684 948 716 968 ac
737 941 820 976 plane
840 943 1000 971 mentiatur:

211 985 274 1005 nam
295 985 336 1007 cst
352 982 473 1015 quaedam
497 984 596 1011 animae
615 985 743 1014 ebrietas.

238 1024 314 1057 Quod
331 1027 352 1053 si
362 1027 422 1061 quis
438 1028 538 1056 dictum
553 1030 617 1058 illud
631 1040 638 1057 :
651 1033 722 1060 Unde
733 1034 779 1064 sit.
790 1042 843 1062 non
853 1035 886 1063 de
903 1036 962 1064 loco
974 1041 1001 1064 et

211 1071 309 1106 patria,
327 1073 375 1100 sed
392 1074 425 1101 de
441 1083 543 1111 genere
562 1082 591 1105 et
611 1084 687 1113 patre
712 1080 887 1115 intellexerit,
903 1084 1001 1112 .dicere

210 1119 321 1153 poterit,
331 1127 379 1147 eos
389 1121 491 1149 dixisse
504 1131 511 1148 :
526 1122 612 1158 Hujus
628 1125 736 1160 quidem
753 1135 839 1162 genus
854 1132 882 1156 et
896 1134 999 1164 patrem

210 1165 349 1196 novimus,
361 1171 424 1200 puta
443 1166 556 1203 .Ioscph.
570 1170 607 1204 ut]
622 1171 792 1199 credebatur:
814 1173 915 1202 Christi
935 1183 1000 1203 vero

211 1218 296 1246 genus
312 1217 339 1239 et
355 1213 460 1241 Patrem
480 1211 722 1252 nemo-cognoscit,
736 1227 769 1246 eo
783 1220 856 1255 quod
871 1229 926 1249 non
944 1223 999 1250 sint

209 1255 270 1284 lucc
287 1257 385 1285 litteris
405 1259 522 1294 prodita,
542 1262 634 1289 utdici
650 1263 765 1297 possint.

247 1302 324 1331 Vers.
340 1304 534 1333 28.Clanmbat
548 1323 581 1328 —
594 1309 654 1336 sim.
667 1309 815 1343 Clamabat,
828 1312 999 1342 confundens

210 1355 268 1382 eos,
287 1349 351 1376 dum
385 1350 421 1377 illi
436 1351 469 1378 de
495 1351 629 1380 industria
655 1355 725 1381 male
752 1361 862 1390 agerent
884 1366 890 1384 :
917 1359 997 1386 simul

209 1395 290 1422 etiam
309 1396 437 1424 omnibus
458 1398 649 1432 manifestans,
666 1409 725 1435 qua:
747 1402 781 1429 ab
802 1403 865 1437 ipsis
890 1405 998 1432 occulte

210 1441 383 1470 dicebantur.
404 1443 475 1471 Dicit
502 1449 592 1472 autem
614 1455 621 1473 ε
639 1447 671 1473 Et
688 1455 726 1474 me
744 1450 834 1481 nostis,
853 1451 911 1484 quis
936 1452 996 1482 sim,

209 1487 273 1522 quia
290 1488 380 1522 Deus;
400 1494 424 1516 et
442 1491 522 1517 nostis
541 1492 610 1519 unde
628 1493 688 1524 sim.
706 1494 768 1528 quia
785 1503 799 1521 a
817 1494 897 1523 Patre
912 1496 965 1524 Deo
989 1506 996 1524 :

1055 257 1121 292 παρ’
1138 258 1206 293 ἐμοῦ
1219 260 1352 295 ὲργασθὲν
1375 260 1523 296 ὁλόκληρος
1551 262 1632 296 ὑγεία
1651 262 1698 289 τοῦ
1715 270 1843 298 σεσημα-

1056 304 1165 339 σμένον.

1092 399 1221 434 Ἔλεγον
1237 415 1269 420 -
1284 401 1421 435 λέγουσι.
1447 401 1502 427 Καὶ
1519 400 1573 436 γὰρ
1596 400 1778 436 ἐπεστόμισεν
1792 401 1842 427 αὖ·

1053 452 1125 476 τους.

1091 490 1254 525 Μήποτε-
1269 491 1395 525 Χριστός
1404 500 1414 524 ;
1435 491 1479 518 Ἑν
1493 492 1531 527 τῷ
1543 492 1615 528 δχλῳ
1629 492 1683 528 γὰρ
1703 494 1727 519 οἱ
1743 493 1841 528 ἄρχον-

1053 545 1099 568 τες
1114 534 1185 572 ἦσαν
1203 536 1274 564 τότε.

1089 581 1182 609 Ἀλλὰ
1194 596 1230 601 ——
1245 581 1311 609 ἐστί
1315 603 1320 609 .
1338 582 1392 609 Καὶ
1414 583 1467 618 μὴν
1482 583 1506 609 ol
1522 582 1654 617 ἄρχοντες
1682 583 1758 617 ὑμῶν
1770 583 1842 618 ἐρω-

1053 626 1180 662 τηθέντες
1197 627 1274 662 παρὰ
1298 628 1431 663 Ἡρώδου,
1446 628 1498 655 ποῦ
1513 630 1526 655 ὁ
1553 628 1671 662 Χριστὸς
1698 629 1841 662 γεννᾶται,

1054 669 1130 698 εἷπον
1141 673 1227 707 αὐτῷ’
1243 674 1295 700 Ἑν
1308 673 1444 708 Βηθλεέμ
1457 673 1512 706 τῆς
1524 673 1667 706 Ἰουδαίας
1680 681 1687 690 ·
1698 674 1744 700 καὶ
1759 681 1843 708 προσ-

1054 718 1156 752 έοηκαν
1172 718 1218 745 καὶ
1250 718 1300 754 τὴν
1314 718 1394 745 τοῦτο
1408 719 1540 754 δηλοῦσαν
1566 719 1740 754 προφητείαν
1757 727 1764 734 ·
1782 719 1842 749 πῶς

1054 764 1100 791 οὖν
1120 765 1265 800 φλυαρεῖτε
1280 766 1322 792 ὅτι
1341 766 1375 792 '0
1389 767 1526 800 Χριστὸς,
1546 766 1619 794 ὅταν
1638 767 1773 802 ἔρχηται,
1788 767 1841 793 οὑ-

1054 809 1116 842 δείς
1127 809 1264 845 γινώσκει
1273 811 1365 838 πόθεν
1379 810 1481 843 ἑστίη
1498 811 1578 838 Ἀλλὰ
1591 812 1637 838 καὶ
1654 812 1678 838 ει
1692 811 1785 838 τοῦτον
1800 811 1840 846 (5)

1054 855 1142 881 οἴδατε
1158 855 1240 881 πόθεν
1255 855 1323 887 ἐστὶ,
1334 856 1393 888 πῶς
1414 855 1443 888 ἐξ
1462 856 1539 891 ὑμῶν
1567 856 1642 883 ἄλλοι
1659 856 1784 890 λέγουσιν
1798 856 1841 883 ὅτι

1059 899 1171 927 Τοῦτον
1192 901 1247 929 οὐκ
1264 900 1388 936 οἴδαμεν
1404 902 1496 928 πόθεν
1519 902 1584 928 ἐστι
1597 910 1605 935 ;
1619 902 1746 928 Τοιοῦτον
1760 903 1776 936 ὴ
1792 910 1842 928 πο·-

1055 946 1147 982 νηρία,
1163 947 1387 982 ὲναντιολογοῦσα
1402 948 1449 975 καὶ
1464 948 1619 984 ψευδομένη
1634 948 1791 984 προφανῶς,
1808 948 1841 974 οὗ

1057 993 1163 1027 συνίησι
1181 1013 1188 1020 .
1208 992 1284 1028 Μέθη
1301 993 1354 1028 γὰρ
1367 994 1413 1020 καὶ
1428 993 1498 1027 αὕτη
1510 993 1610 1029 ψυχῆς.

1090 1039 1121 1065 Ei
1135 1038 1164 1065 δέ
1182 1047 1225 1070 τις
1243 1038 1273 1065 τὸ
1287 1040 1383 1066 Πόθεν
1399 1040 1429 1066 οὺ
1446 1039 1511 1074 περὶ
1526 1040 1609 1066 τόπου
1624 1040 1670 1066 καὶ
1697 1039 1839 1074 πατρίδος,

1055 1084 1123 1112 ἀλλά
1139 1085 1204 1120 περὶ
1218 1087 1313 1119 γένους
1327 1084 1375 1111 καὶ
1396 1085 1498 1120 πατρὸς
1528 1085 1623 1120 νοήσῃ,
1649 1085 1721 1111 εἴποι
1740 1084 1773 1111 ἂν
1787 1085 1841 1110 αὺ-

1054 1131 1117 1164 τοὺς
1133 1131 1223 1166 λέγειν
1237 1131 1279 1158 ὅτι
1307 1131 1409 1158 Τούτου
1432 1131 1481 1166 μὲν
1505 1131 1616 1166 οἴδαμεν
1647 1131 1677 1157 τὸ
1699 1130 1776 1164 γένος
1792 1130 1842 1157 καὶ

1053 1178 1098 1206 τὸν
1115 1177 1231 1213 πατέρα,
1246 1177 1357 1214 [δηλαδὴ
1368 1177 1420 1204 τὸν
1431 1177 1469 1213 (4)
1493 1177 1603 1212 Ἰωσὴφ,
1621 1177 1658 1208 ὡς
1671 1177 1757 1203 ἐδόκει
1768 1184 1776 1192 ο
1791 1175 1841 1202 τοῦ

1053 1224 1080 1251 δὲ
1096 1224 1213 1260 Χριστοῦ
1233 1224 1263 1250 τὺ
1280 1224 1359 1257 γένος
1373 1223 1420 1250 καὶ
1436 1223 1482 1250 τὸν
1509 1222 1629 1258 Πατέρα]
1645 1222 1733 1254 οὐδεὶς
1757 1221 1841 1256 γινώ-

1054 1279 1125 1302 σκει,
1141 1270 1185 1297 διὰ
1205 1270 1235 1297 τὸ
1251 1271 1288 1306 μὴ
1307 1269 1396 1305 ῥητῶς
1413 1269 1632 1304 ἀναγεγράφθαι.

1089 1316 1238 1350 Ἔκραξεν
1254 1330 1287 1336 -
1304 1316 1373 1350 ειμι.
1399 1314 1547 1350 Ἔκραξεν,
1571 1314 1712 1350 ἐντρέπων
1739 1313 1840 1344 αὐτοὺς

1052 1364 1088 1393 ὼς
1108 1362 1348 1394 Mala-immune;
1368 1362 1427 1396 ἅμα
1447 1361 1475 1387 δὲ
1499 1361 1546 1387 καὶ
1570 1361 1637 1387 πᾶσι
1664 1359 1788 1394 φανερῶν
1804 1359 1840 1384 τὰ

1052 1409 1175 1444 κρυφίως
1193 1409 1260 1443 παρ’
1281 1407 1371 1434 αὐτῶν
1385 1407 1531 1440 λεγόμενα.
1551 1406 1633 1438 Λέγει
1653 1405 1681 1431 δὲ
1698 1405 1738 1431 ὃτι
1759 1404 1840 1438 Κάμὲ

1050 1455 1149 1482 οῐδατε
1164 1455 1209 1488 τίς
1220 1456 1288 1489 εἰμι,
1311 1455 1351 1480 ὅτι
1371 1453 1437 1485 Θεός
1449 1461 1456 1467 ·
1471 1453 1524 1479 Καὶ
1536 1452 1637 1479 οἴδατε
1651 1452 1743 1478 πόθεν
1764 1451 1838 1485 εἰμι.

1051 1502 1091 1529 δτι
1105 1502 1137 1528 ἐκ
1152 1501 1260 1535 [ἰατρὸς
1281 1500 1361 1533 Θεοῦ,
1379 1501 1403 1527 εἰ
1418 1500 1457 1535 (5)
1485 1500 1532 1526 καὶ
1557 1501 1589 1525 ἐκ
1609 1499 1646 1533 (6)
1658 1498 1704 1525 τοῦ
1739 1497 1839 1532 Ἰωσὴφ

209 1541 365 1568 quanquam
396 1543 439 1562 ros
461 1536 531 1563 scire
554 1537 671 1572 (iugatis,
687 1540 757 1573 quod
778 1547 793 1567 a
816 1540 917 1576 Joseph
945 1543 996 1569 sim

1060 1547 1150 1574 ειδέναι
1167 1555 1200 1582 με
1230 1546 1436 1582 προσποιεῖσθε.
1457 1546 1565 1572 Εἰδέναι
1579 1545 1608 1571 δὲ
1636 1544 1716 1571 αὐτὸν
1737 1543 1839 1589 αὑτοὺὶ

209 1579 376 1614 progenitus.
392 1581 504 1609 Dicebat
520 1587 621 1615 autem,
650 1585 722 1618 quod
739 1585 774 1612 illi
803 1586 891 1621 ipsum
915 1596 997 1616 nove-

210 1628 272 1650 rant
291 1631 304 1650 a
321 1625 477 1652 testimonio
502 1625 626 1658 Joannis,
656 1627 690 1655 de
716 1636 770 1663 quo
797 1630 892 1658 dixit:
921 1632 997 1660 Alius

209 1673 258 1702 est,
281 1669 326 1703 qui
350 1671 527 1697 testimonium
549 1672 664 1706 perhibet
684 1675 715 1700 de
739 1683 778 1702 me
792 1675 831 1709 ²⁷;
847 1676 882 1704 ab
905 1678 997 1712 operi-

210 1713 262 1741 bus
280 1714 349 1746 suis,
367 1715 401 1742 de
416 1716 513 1750 quibus
529 1717 567 1744 ait
583 1727 590 1745 :
608 1717 670 1752 Ipsa
696 1727 786 1754 opera,
806 1729 864 1756 qua:
886 1731 933 1757 ego
954 1723 997 1758 fu-

209 1761 249 1787 cia
266 1761 443 1789 testimonium
460 1762 594 1796 per/libent
609 1764 641 1790 de
652 1773 691 1791 me
706 1765 728 1781 "
739 1774 747 1798 ;
759 1770 786 1794 et
798 1772 819 1793 ἰι
835 1766 995 1802 Scripturts,

209 1806 242 1833 de
255 1806 353 1840 quibus
376 1807 501 1835 similiter
517 1810 555 1836 ait
575 1817 581 1836 ς
598 1809 656 1838 Illa:
671 1815 731 1838 sunt
748 1819 806 1847 quia
817 1814 995 1842 testimonium

209 1851 343 1886 perhibent
356 1857 387 1879 ac
397 1861 437 1880 me
449 1853 482 1881 ”.

246 1896 277 1923 Et
295 1898 434 1932 quomodo
448 1898 516 1927 dixit
533 1900 664 1928 vicesimo
682 1902 760 1936 juxta
777 1903 932 1932 Mattlueum
948 1913 995 1933 ca-

208 1944 264 1977 pite
281 1951 289 1970 :
315 1943 400 1971 Nemo
415 1946 485 1972 novit
509 1946 606 1973 Filium
623 1949 674 1974 nisi
704 1948 785 1976 Pater
796 1950 915 1984 “‘iQuia
930 1952 994 1980 illud

209 1991 242 2016 de
261 1994 356 2017 natura
366 1991 524 2019 divininatis
537 2000 593 2020 sua:
604 1993 680 2026 dixit,
693 1995 743 2022 hoc
757 2000 848 2023 autem
864 1997 996 2032 simplici-

209 2040 250 2063 ter
263 2037 296 2064 de
311 2037 417 2070 notitia,
437 2037 509 2073 quod
528 2038 598 2067 Deus
613 2039 648 2067 sit
668 2040 770 2076 Deique
787 2041 885 2070 Filius.

245 2129 322 2157 Vers.
339 2129 385 2158 28.
403 2130 437 2157 Et
452 2146 486 2152 —-
498 2132 566 2159 veni.
584 2132 671 2160 Etiam
699 2134 763 2167 hoc,
782 2135 881 2171 inquit,
893 2138 994 2172 nostis;

208 2184 270 2203 nam
288 2180 316 2203 et
328 2176 353 2203 id
369 2177 494 2211 pra-dicta
511 2177 610 2205 docent
631 2180 797 2214 testimonia,
819 2187 848 2210 et
863 2185 992 2216 maxime,

1049 1594 1141 1627 ἔλεγεν
1162 1592 1217 1620 ἀπό
1238 1601 1268 1619 τε
1287 1593 1337 1626 τῆς
1371 1592 1523 1628 μαρτυρίας
1561 1591 1693 1623 Ἰωάννου,
1722 1590 1787 1625 περὶ
1804 1587 1837 1616 οὗ

1047 1639 1157 1674 εἴρηκεν
1177 1639 1218 1665 ὅτι
1233 1638 1344 1670 Ἄλλος
1358 1636 1443 1664 ἐστιν
1457 1638 1472 1664 ό
1480 1636 1639 1670 μαρτυρῶν
1654 1635 1720 1669 περὶ
1748 1634 1836 1668 ἐμοῦ·

1046 1687 1100 1714 ἀπό
1117 1695 1148 1713 τε
1162 1685 1216 1713 τῶν
1230 1685 1319 1721 ἔργων
1333 1685 1426 1718 αὑτοῦ,
1446 1685 1509 1721 περὶ
1524 1681 1562 1711 ὧν
1586 1681 1663 1710 εἶπεν
1682 1684 1725 1710 ὅτι
1752 1682 1838 1710 Aisz

1046 1733 1083 1759 τὰ
1097 1732 1168 1768 ἔργα
1196 1731 1215 1759 ἃ
1234 1732 1291 1767 ἐγὼ
1319 1730 1404 1763 ποιῶ,
1421 1730 1567 1765 μαρτυρεῖ
1593 1729 1659 1763 περὶ
1675 1729 1748 1763 ἐμοῦ
1760 1736 1768 1744 '
1790 1727 1838 1754 καὶ

1047 1779 1100 1806 ἀπὸ
1116 1779 1170 1805 τῶν
1183 1776 1308 1812 Γραφῶν,
1327 1777 1392 1812 περὶ
1408 1772 1446 1803 ὧν
1472 1775 1572 1810 ὁμοίως
1599 1775 1650 1810 ἔφη
1675 1775 1715 1801 ὅτι
1731 1773 1828 1801 Ἐκεῖ-

1046 1825 1097 1852 ναί
1110 1825 1189 1851 εἰσιν
1201 1824 1231 1849 at
1243 1821 1447 1858 μαρτυροῦσαι
1460 1822 1527 1856 περὶ
1539 1821 1622 1856 ἐμοῦ.

1084 1912 1137 1938 Καὶ
1153 1910 1211 1942 πῶς
1227 1911 1256 1936 ἐν
1271 1909 1312 1945 τῷ
1326 1907 1442 1943 εἰκοστῷ
1458 1906 1599 1942 κεφαλαίῳ
1615 1905 1662 1933 τοῦ
1674 1905 1744 1932 κατὰ
1758 1906 1836 1933 Ματ-

1047 1957 1121 1984 οαῖον
1142 1957 1252 1992 εἴρηκεν
1276 1956 1318 1982 ὅτι
1344 1954 1450 1986 Οὐδεὶς
1466 1953 1656 1988 ἐπιγινώσκει
1683 1953 1736 1979 τὸν
1753 1953 1835 1984 Υιὸν,

1045 2003 1121 2038 εἰμὴ
1133 2004 1148 2030 ό
1160 2001 1279 2036 Πατήρ;
1297 2001 1359 2027 Ὀτι
1378 2001 1466 2027 ἐκεῖνο
1477 2000 1525 2033 μὲν
1541 1997 1602 2025 εἷπε
1624 1998 1689 2034 περὶ
1709 1999 1760 2033 τῆς
1780 1998 1835 2033 φύ-

1047 2057 1116 2080 σεως
1134 2049 1181 2083 τῆς
1198 2048 1325 2082 θεότητος
1337 2046 1420 2073 αὐτοῦ
1432 2054 1439 2061 ·
1456 2045 1536 2072 τοῦτο
1562 2045 1590 2071 δὲ
1609 2045 1676 2079 περὶ
1693 2044 1750 2076 ,τοῦ
1765 2045 1836 2072 εἰδέα

1047 2104 1090 2122 ναι
1108 2094 1199 2125 ἁπλῶς
1211 2094 1253 2120 ὅτι
1267 2094 1326 2120 ἐστὶ
1339 2094 1404 2125 Θεὸς
1415 2093 1462 2120 καὶ
1482 2093 1543 2124 Υἰὺς
1560 2092 1638 2119 Θεοῦ.

1083 2140 1340 2173 Καὶ-ἐλήλυθα.
1372 2140 1468 2167 Οἴδατε
1492 2139 1539 2166 καὶ
1556 2138 1645 2170 τοῦτο,
1673 2138 1740 2173 φησί
1759 2146 1768 2155 ·
1787 2138 1835 2165 καὶ

1047 2187 1126 2214 τοῦτο
1147 2187 1202 2222 γὰρ
1225 2187 1251 2213 αἱ
1281 2186 1444 2221 δηλωθεῖσαι
1477 2185 1630 2220 μαρτυρίαι
1648 2185 1834 2216 διδάσκουσιν,

206 2222 269 2256 quia
287 2221 404 2249 Gloriam
418 2223 553 2256 propriam
570 2232 621 2250 non
632 2234 730 2259 qua'ro,
741 2228 787 2254 sed
799 2228 911 2263 gloriam
924 2231 993 2266 ejus,

1060 2234 1133 2266 ιλλως
1149 2221 1245 2265 τεέκαὶ
1255 2232 1293 2268 (7)
1304 2232 1345 2258 ὅτι
1364 2233 1405 2259 Οὐ
1419 2232 1476 2266 τὴν
1489 2231 1583 2262 δόξαν
1592 2230 1736 2265 τὴν-ἰδίαν
1745 2229 1834 2264 ζητῶ,

207 2270 252 2304 qui
269 2270 338 2296 misit
355 2278 394 2296 me
408 2270 438 2296 “.

245 2315 319 2342 Vers.
333 2316 378 2342 28.
400 2316 452 2343 Sed
463 2333 496 2337 —
509 2326 558 2345 me.
571 2317 652 2345 Pater
661 2327 693 2346 ac
709 2320 789 2352 Deus,
805 2322 852 2356 qui
870 2323 995 2353 videlicet

207 2361 282 2387 misit
296 2369 348 2393 me,
367 2361 436 2389 sicut
459 2363 621 2397 promiserat
646 2373 693 2399 per
717 2366 863 2401 prophetas
888 2377 895 2394 :
921 2370 993 2403 quod

206 2407 227 2432 si
253 2415 332 2434 verax
357 2412 408 2437 est,
437 2408 481 2442 qui
498 2408 580 2441 misit,
609 2410 701 2445 utique
722 2416 750 2438 et
778 2420 859 2440 verax
883 2419 923 2442 est
946 2416 992 2450 qui

206 2452 305 2479 missus
313 2458 363 2485 est,
381 2462 441 2481 cum
457 2454 577 2489 ejusdem
593 2455 647 2483 sint
664 2462 778 2485 naturas.

240 2498 318 2526 Vers.
330 2499 375 2527 28.
391 2500 472 2533 Quem
483 2516 518 2521 —-
529 2503 643 2530 novistis.
659 2503 759 2533 Utoote
774 2510 903 2540 negantes
914 2506 989 2534 illum

205 2545 342 2578 operibus.
360 2547 404 2573 Ait
429 2548 500 2574 enim
528 2553 556 2576 et
579 2549 719 2584 apostolus
741 2558 749 2577 :
777 2549 940 2586 Conﬁtentur
963 2562 991 2581 se

205 2599 277 2618 nosse
296 2592 388 2626 Deum,
405 2594 481 2627 {actis
496 2599 583 2621 autem
598 2600 693 2630 negant
705 2596 737 2623 δ’.

258 2661 279 2677 ³⁸
295 2661 390 2690 Matth.
418 2671 447 2695 II,
465 2664 490 2691 5.

548 2664 570 2680 ³⁸
583 2663 662 2692 Joau.
680 2673 717 2697 ix,
737 2665 781 2693 ‘29.

204 2694 225 2710 “
240 2695 320 2723 Joan.
341 2706 387 2731 vu,
406 2698 448 2726 18.

505 2699 527 2714 δ’
542 2699 597 2727 Tit.
613 2708 632 2733 I,
651 2699 696 2727 16.

837 2667 859 2684 ³⁷
880 2667 957 2695 .loan.
984 2677 1010 2701 ν,
1033 2668 1077 2696 52.

1045 2279 1125 2307 ἀλλὰ
1139 2281 1194 2313 τὴν
1206 2278 1301 2310 δόξαν
1315 2277 1366 2305 τοῦ
1378 2277 1555 2312 πέμψαντός
1563 2285 1610 2310 με.

1088 2326 1161 2353 Αλλ*
1176 2339 1210 2345 -—
1221 2333 1269 2360 με.
1293 2324 1322 2351 '0
1339 2324 1434 2359 Πατὴρ
1449 2326 1496 2350 καὶ
1510 2324 1586 2354 Θεὸς,
1606 2323 1644 2353 ὡς
1658 2321 1769 2356 πέμψας
1786 2330 1834 2356 με.

1043 2371 1133 2402 καθὼς
1145 2370 1188 2397 διὰ
1207 2369 1261 2396 τῶν
1277 2369 1424 2405 προφητῶν
1440 2368 1624 2403 ἐπηγγείλατο
1637 2375 1644 2383 ·
1662 2368 1686 2394 εἰ
1709 2367 1751 2403 δὲ¹
1766 2367 1833 2401 ἀλη-

1043 2417 1114 2448 θινδς
1126 2418 1140 2443 ὁ
1154 2415 1274 2451 πέμψας,
1285 2416 1409 2451 ἀληθινὸς
1419 2416 1473 2451 ἄρα
1483 2415 1529 2442 καὶ
1546 2416 1560 2441 ὁ
1572 2414 1717 2450 πεμφθεὶς,
1732 2413 1782 2449 τῆς
1793 2414 1833 2449 (8!

1043 2461 1125 2488 αὐτοῦ
1140 2461 1247 2495 φύσεως
1259 2460 1306 2488 ὢν.

1081 2508 1136 2534 Ὃν
1148 2522 1184 2527 -
1197 2507 1307 2534 οἴδατε.
1328 2507 1372 2537 Ὧς
1387 2507 1443 2538 τοῖς
1455 2506 1546 2541 ἔργοις
1557 2503 1721 2540 ἀρνούμενοι
1736 2504 1832 2531 αὐτόν.

1043 2553 1111 2588 Φησὶ
1126 2553 1181 2588 γὰρ
1198 2553 1244 2579 καὶ
1255 2554 1269 2579 ὁ
1293 2551 1453 2583 ’Λπὸστολος
1473 2552 1514 2577 ὅτι
1527 2550 1601 2577 Θεὸν
1627 2548 1832 2584 ὁμολογοῦσιν

1043 2598 1163 2631 εἰδέναι,
1174 2597 1235 2630 τοῖς
1251 2597 1286 2624 δὲ
1298 2598 1397 2632 ἔργοις
1414 2597 1585 2631 ἀρνοῦνται.

1134 2669 1156 2685 ³⁸
1172 2669 1237 2696 ibid.
1257 2669 1302 2695 56.
1359 2668 1380 2684 "
1397 2667 1462 2695 ibid.
1478 2668 1523 2695 39.
1578 2667 1601 2682 ⁸⁸⁵
1613 2667 1708 2694 Matth.
1725 2665 1764 2693 ἰν.
1782 2665 1829 2694 7i.

797 2734 892 2766 Variae
918 2735 1070 2767 lectiones
1086 2739 1117 2766 et
1133 2741 1223 2766 notae.

241 2803 278 2836 (5)
294 2804 379 2831 Τοῦτο
401 2805 429 2831 Β.

240 2837 278 2870 (λεὶ
293 2838 397 2866 Inclusa
413 2840 572 2868 exciderunt
587 2842 619 2867 Α.

239 2871 278 2905 ὤ)
289 2873 323 2898 Δί
335 2873 393 2901 loco
414 2875 471 2906 καί,
488 2875 517 2904 Β,

1080 2806 1237 2844 (φῌίῦέναι
1254 2815 1288 2840 με
1305 2806 1337 2844 ex
1361 2806 1407 2833 τοῦ
1435 2807 1533 2842 Ἰωσὴφ
1560 2809 1752 2844 πρρσποιείσθε
1793 2812 1827 2837 Α.

1079 2842 1116 2874 (7)
1134 2842 1195 2868 Ὅτι
1210 2842 1286 2869 abest
1301 2841 1334 2868 A.

1077 2877 1115 2912 (8)
1133 2876 1188 2912 Τῆς
1204 2877 1290 2912 αὐτῆς
1304 2876 1337 2911 Α,
1364 2877 1436 2912 quod
1452 2877 1604 2906 Hentenius
1620 2878 1700 2907 etiam
1733 2879 1827 2908 habet.
