1919 3076
217 158 286 189 1279

214 260 324 289 invidiae
338 261 515 288 dementiam.
531 260 598 287 Nam
612 267 675 289 cum
690 259 858 294 interrogare
869 259 1006 294 oportuis-

215 311 267 340 set,
286 315 317 334 ac
330 307 435 334 discere
452 307 517 341 quid
534 307 643 334 locutus
655 311 740 338 esset,
752 306 802 341 ipsi
820 306 890 333 nihil
907 306 1006 333 liorum

215 353 418 389 prtestolantur,
439 353 488 380 sed
507 352 600 380 statim
618 353 658 380 eis
680 352 838 385 adulantur,
862 355 1007 387 parcentes

216 399 300 425 etiam
326 402 355 425 et
380 405 434 425 non
460 398 579 425 austeris
605 398 697 425 verbis
723 402 855 431 utentes;
875 398 1008 425 timebant

216 443 288 471 enim
305 451 338 470 ne
350 443 470 476 perfecte
489 443 527 470 illi
544 443 728 471 adliaarerent.

254 488 331 515 Vers.
357 489 401 515 48.
430 488 501 516 Num
524 489 582 524 quis
601 503 638 509 —
659 488 734 516 Vers.
754 489 797 517 49.
819 489 910 524 legem.
936 488 1007 522 Quin

217 534 276 561 haec
286 534 373 569 major
393 539 436 561 est
450 535 693 566 vestriaccusatio,
703 535 775 570 quod
788 536 865 563 turba
879 535 1007 567 credidit,

216 587 266 607 vos
280 585 371 607 autem
387 588 441 607 non
459 581 624 608 credidistis.
641 581 742 616 Legem
761 590 827 609 vero
846 581 1008 617 simpliciter

216 625 365 659 appellant,
383 630 468 652 totam
483 634 590 653 sacram
605 626 787 662 Scripturam.

256 670 332 698 Vers.
350 672 395 699 49.
414 671 579 698 Exsecrandi
601 677 674 698 sunt.
691 672 774 707 Atqui
787 673 832 700 lex
849 673 911 700 illos
927 681 1008 700 exse-

218 722 319 751 cratur,
331 718 377 752 qui
393 718 479 754 legem
491 723 690 752 contemnunt;
705 727 754 747 vos
764 727 828 755 ergo
837 720 1008 751 exsecrandi,

218 763 264 797 qui
287 763 374 798 legem
398 763 599 796 contemnitis;
627 763 665 791 illi
679 772 745 792 vero
774 765 860 799 legem
885 769 1009 795 servant,

218 808 363 836 credentes
391 808 421 835 in
441 815 525 840 eum;
548 808 626 843 jubet
642 816 760 843 namque
779 808 822 835 lex
844 808 956 836 credere
981 809 1009 835 in

219 854 316 881 Deum.

255 898 334 926 Vers.
353 899 398 927 50.
415 900 505 927 Ait—
516 900 595 928 Vers.
611 900 656 928 5i.
672 900 754 935 faciat
769 900 781 927 ?
799 899 910 927 Addidit
924 906 1008 926 evan-

219 947 324 981 gelista,
347 946 416 974 Cum
430 952 505 975 esset
518 955 589 975 unus
603 947 637 975 de
655 954 769 974 numero
785 954 893 979 eorum,
914 951 1009 973 osten-

219 992 299 1024 dciis,
315 992 387 1027 quod
397 993 478 1020 etiam
489 993 598 1027 quidam
610 1000 625 1020 e
639 992 809 1027 principibus
822 992 1009 1023 crediderant,

220 1037 283 1064 llcet
297 1038 348 1072 ipsi
365 1038 501 1072 dicerent,
515 1039 620 1066 nullum
631 1047 663 1066 ex
677 1039 848 1074 principibus
860 1037 1011 1065 credidisse

221 1083 248 1110 in
263 1084 365 1118 ipsum.
386 1084 482 1120 Arguit
501 1093 565 1120 ergo
581 1092 629 1112 eos
643 1084 822 1117 Nicodcmus,
849 1084 923 1118 quod
944 1084 1011 1119 legis

221 1134 314 1156 essent
325 1135 552 1165 transgressores,
576 1131 683 1159 occulte
700 1136 790 1158 tamen
801 1136 828 1158 οι
844 1131 938 1166 paucis
949 1138 1012 1157 ver-

221 1175 277 1202 bis:
287 1176 407 1203 iiondiim
414 1178 486 1204 enim
494 1177 704 1205 convenientem
712 1178 827 1213 adeptus
833 1183 892 1204 erat
900 1178 1014 1212 loquen-

221 1222 248 1248 di
262 1221 425 1249 libertatem.
438 1222 504 1249 Nam
517 1223 539 1250 si
552 1231 607 1250 non
617 1223 787 1251 condemnat
798 1223 839 1250 lex
852 1222 1012 1258 priusquam

221 1268 314 1294 audiat
328 1273 356 1295 et
370 1274 528 1304 cognoscat,
547 1269 598 1304 ipsi
614 1277 679 1297 vero
695 1269 919 1296 condemnabant
945 1276 1011 1295 eum

222 1320 368 1349 antequam
382 1315 525 1342 audissent
549 1319 578 1343 et
594 1315 798 1351 cognovissent,
815 1316 901 1351 legem
916 1315 1012 1351 utique

224 1362 508 1398 transgrediebantur.

262 1407 337 1434 Vers.
357 1407 401 1434 5‘2.
426 1408 621 1442 Responderunt
638 1423 671 1428 —
685 1417 711 1435 es
726 1409 739 1435 7
758 1408 827 1436 Num
854 1409 915 1436 ideo
930 1409 967 1436 illi
983 1417 1013 1436 es

222 1453 332 1485 auxilio.
346 1454 416 1488 quod
432 1454 555 1489 ejusdem
572 1455 610 1481 sis
625 1455 743 1489 regionis
759 1460 786 1482 et
801 1455 918 1490 patrita?
934 1455 1012 1489 Vide,

223 1507 304 1533 quam
319 1507 415 1534 aspere
430 1507 461 1526 ac
477 1500 604 1527 ferociter
618 1501 824 1536 respondeant?

261 1544 336 1572 Vers.
356 1545 400 1572 δὲ.
417 1545 545 1573 Scrutare
555 1561 590 1566 —
602 1547 757 1574 surrexerit.
777 1546 849 1574 Sane
862 1547 939 1574 illum
954 1547 1014 1575 sine
1029 1543 1050 1571 C

225 1589 398 1618 discussione
424 1591 610 1619 condemnare
635 1599 691 1619 non
707 1593 863 1626 oportebat,
890 1592 929 1619 illi
952 1601 1018 1620 vero

225 1636 359 1671 iiijuriosc
383 1637 479 1664 dicunt
495 1647 504 1665 ι
527 1638 666 1673 Interroga
683 1643 710 1666 et
725 1639 810 1671 disce.
829 1647 920 1674 neque
944 1640 1016 1667 enim

225 1683 297 1710 nosti
321 1683 487 1717 Scripturas.
516 1683 615 1711 Verum
640 1685 662 1712 si
688 1693 736 1712 eas
756 1693 809 1712 non
840 1686 927 1718 novit,
944 1694 1014 1722 quo-

226 1728 306 1756 modo
322 1737 369 1757 vos
389 1729 422 1756 de
438 1729 504 1765 legis
517 1731 731 1765 transgressione
741 1732 829 1767 arguit
843 1732 854 1758 ?

263 1821 339 1849 Scire
363 1826 454 1849 autem
474 1828 591 1857 oportet,
609 1823 680 1858 quod
704 1832 736 1851 ea
757 1832 818 1860 qua;
838 1825 873 1852 ab
889 1825 942 1853 lioc
958 1825 1018 1853 loco

228 1867 363 1894 habentur
381 1875 466 1902 usque
483 1869 516 1895 ad
528 1876 603 1902 eum,
619 1877 674 1904 quo
686 1869 807 1897 dicitur:
831 1869 932 1898 Iterum
957 1879 1018 1906 ergo

230 1913 330 1940 locutus
343 1919 380 1940 es!
393 1914 445 1940 illis
457 1913 533 1941 Jews
546 1915 634 1942 dicens
645 1923 654 1942 :
669 1915 726 1950 Ego
738 1924 797 1943 sum
810 1916 856 1943 lux
869 1917 961 1944 mundi
974 1917 998 1933 ‘7
1010 1927 1017 1944 :

230 1959 258 1986 in
273 1959 455 1986 exactioribus
464 1960 676 1994 exemplaribus,
692 1965 739 1988 aut
757 1968 812 1987 non
828 1960 1016 1994 inveniuntur,

230 2009 278 2032 aut
288 2005 367 2032 obelo
383 2005 508 2032 confossa
522 2010 597 2037 sunt,
613 1997 649 2033 eo
663 2006 737 2040 quod
754 2006 893 2041 illegitima
906 2007 1019 2034 videan-

231 2057 275 2079 tur
291 2051 427 2079 etaddita.
442 2052 474 2078 Et
484 2052 567 2086 hujus
578 2058 771 2086 argumentum
783 2057 825 2080 est
840 2053 911 2087 quod
923 2061 1018 2081 eorum

231 2097 442 2134 Chrysostomus
460 2099 563 2125 nullam
582 2099 694 2125 omnino
708 2098 773 2126 fecit
781 2099 948 2126 mentionem
964 2100 996 2134 (Γ)
1011 2108 1018 2126 :

231 2145 311 2172 nobis
329 2149 420 2172 tamen
438 2145 474 2180 (g)
491 2146 598 2172 animus
614 2149 656 2172 est
678 2146 762 2172 etiam
789 2146 846 2173 haec
869 2146 1018 2179 declarare,

232 2191 304 2226 quod
327 2191 443 2218 utilitate
465 2199 519 2217 non
545 2195 668 2223 careant,
686 2191 756 2219 sicut
774 2197 802 2218 et
815 2196 896 2226 caput
912 2191 946 2219 de
959 2199 1020 2218 mu-

833 155 935 185 EUTH
942 155 990 186 YM
996 155 1026 185 Il
1045 153 1225 184 ZlGABENl

251 215 328 243 Vers.
357 215 402 243 47.
432 215 631 249 Responderunt
652 228 687 234 —
708 213 809 241 seducti
827 214 889 241 eui:
902 214 915 241 7
939 213 1007 240 Vide
1020 215 1045 244 Α

1095 212 1318 246 Ἀπεκρίθησαν
1345 225 1379 230 -
1405 208 1624 242 πεπλάνησθε;
1651 209 1723 244 Ὀρα
1747 209 1853 244 φθόνου

1060 260 1170 296 μανίαν.
1196 259 1261 286 Δέον
1278 258 1332 294 γὰρ
1357 258 1495 293 ἐρωτῆσαι
1524 257 1570 284 καὶ
1587 257 1680 291 μαθεῖν
1697 256 1724 282 τι
1747 256 1854 292 ἐλάλη-

1060 316 1123 340 σεν,
1149 307 1173 333 οῑ
1193 305 1222 332 δὲ
1245 305 1295 332 οὐκ
1316 304 1470 340 ἠνέσχοντο,
1484 303 1541 331 ἀλλ’
1555 302 1636 333 εὐθὺς
1648 302 1854 329 κολακεύουσιν

1058 353 1158 383 αὐτοὺς
1174 352 1215 378 ἔτι
1235 350 1400 385 φειδόμενοι,
1425 349 1474 376 καὶ
1499 349 1551 375 οὐκ
1566 348 1702 384 αὺστηρὶᾳ
1715 348 1855 384 χρῶνται,

1058 397 1210 429 δεδοικότες
1227 396 1265 432 μὴ
1284 395 1377 422 τέλεον
1394 395 1469 430 αὺτῷ
1485 393 1668 429 προστεθῶσι.

1095 482 1144 515 Μή
1179 490 1226 514 τις
1251 495 1285 500 -
1305 480 1411 515 νόμον.
1428 479 1502 513 Αὕτη
1521 478 1621 513 μᾶλλον
1638 478 1654 512 ἡ
1686 477 1785 510 μείζων
1797 487 1852 505 κα-

1058 529 1177 564 τηγορία
1192 527 1281 562 ὑμῶν,
1309 527 1351 554 ὅτι
1368 527 1382 554 ὀ
1403 525 1452 561 μὲν
1473 525 1550 560 ὕχλος
1567 524 1726 550 ἐπίστευσεν
1738 544 1745 555 ,
1768 524 1852 558 ὑμεῖς

1059 576 1088 603 δὲ
1108 575 1293 610 ἡπιστήκατε.
1309 572 1400 608 Νόμου
1414 572 1442 598 δὲ
1462 570 1579 598 ἐνταῦθα
1593 570 1703 604 λέγουσι
1718 569 1768 605 τὴν
1782 570 1850 604 ὃλην

1059 621 1171 656 Γραφὴν
1190 619 1293 651 ἁπλῶς.

1104 664 1332 699 Ἐπικατάρατοί
1345 664 1416 691 εισι.
1430 663 1485 690 Καὶ
1494 662 1569 698 μὴνὸ
1582 661 1662 696 νόμος
1677 661 1849 696 ἐπικατηρά-

1062 722 1127 740 σατο
1153 713 1209 743 τοῖς
1225 710 1353 737 ἀθετοῢσι
1367 709 1414 736 τὸν
1427 709 1509 744 νόμον
1519 717 1526 724 ·
1553 709 1633 743 ὑμεῖς
1647 707 1694 734 οὗν
1711 707 1848 734 ἐπικατὰ-

1062 768 1140 794 ρατοι
1154 759 1178 785 οἱ
1192 756 1353 787 ἀθετοῦντες
1380 755 1426 782 τὸν
1449 756 1531 790 νόμον
1545 763 1552 769 ·
1572 755 1672 781 ἐκεῖνοι
1689 753 1718 780 δὲ
1733 753 1847 789 τηροῦσι

1060 804 1106 830 τὸν
1122 804 1204 838 νόμον
1216 801 1392 831 πιστεύοντες
1407 801 1444 832 εἰς
1459 799 1541 827 αὐτόν
1556 807 1563 816 ·
1581 799 1690 826 κελεύει
1704 798 1759 834 γὰρ
1774 799 1788 825 ὸ
1803 799 1847 825 νό-

1064 859 1113 887 μος
1130 848 1269 876 πιστεύειν
1284 849 1323 879 εἱς
1338 847 1383 874 τὸν
1400 846 1477 873 Θεόν.

1096 897 1183 932 Λέγει
1200 911 1236 917 ——
1251 894 1349 926 ποιεῖ;
1366 893 1402 920 Τὸ
1415 890 1468 926 Εἷς
1483 891 1526 919 ὢν
1539 891 1573 924 ἐξ
1589 891 1690 918 αὐτῶν
1713 890 1852 926 προσέθη-

1061 953 1110 972 κεν
1122 943 1137 969 ὁ
1150 940 1359 976 εὐαγγελιστὴς,
1384 938 1493 970 δεικνὺς
1518 938 1559 965 ὅτι
1572 937 1619 964 και
1636 946 1708 969 τινες
1727 937 1782 963 τῶν
1801 937 1853 972 ἀρ-

1061 990 1163 1024 χόντων
1189 987 1363 1016 ἐπίστευσαν,
1381 985 1406 1010 ει.
1422 983 1468 1011 καὶ
1485 983 1561 1010 αὐτοὶ
1590 981 1667 1009 εἷπον
1689 982 1730 1008 ὅτι
1756 981 1848 1013 οὐδεὶς

1061 1034 1115 1061 τῶν
1132 1033 1269 1068 ἀρχόντων
1288 1031 1449 1057 ἐπίστευσεν
1474 1030 1516 1060 εις
1538 1028 1631 1055 αὐτόν.
1657 1028 1779 1062 Ἐλέγχει
1802 1025 1852 1054 οὖν

1063 1079 1161 1111 αὐτοὺς
1179 1079 1193 1105 ὁ
1208 1077 1362 1111 Νικόδημος
1376 1074 1538 1110 παραϐάτας
1550 1073 1596 1100 τοῦ
1609 1074 1704 1108 νόμου,
1724 1073 1793 1109 πλὴν
1807 1073 1855 1100 λε-

1062 1126 1182 1162 ληθότως
1199 1125 1246 1151 καὶ
1263 1124 1332 1159 μετά
1357 1121 1462 1156 φειδοῦς
1476 1129 1484 1137 '
1511 1120 1589 1148 οὔπω
1603 1121 1657 1156 γὰρ
1680 1121 1730 1156 τὴν
1747 1121 1854 1156 προσή-

1063 1179 1165 1200 κουσαν
1177 1168 1235 1205 εἶχε
1253 1167 1416 1204 παρρησίαν.
1440 1167 1471 1193 Εἰ
1484 1166 1539 1202 γὰρ
1551 1168 1565 1193 ὁ
1580 1167 1662 1201 νόμος
1677 1166 1708 1193 οὐ
1719 1166 1855 1201 κατακρι-

1063 1228 1104 1246 νει
1124 1217 1177 1254 πρὸ
1192 1216 1239 1243 τοῦ
1260 1215 1379 1242 ἀκοῦσαι
1404 1214 1452 1240 καὶ
1482 1213 1596 1248 γνῶναι.
1613 1213 1689 1239 αὐτοὶ
1713 1212 1743 1239 δὲ
1769 1213 1856 1239 κατέο

1064 1273 1162 1302 κριναν
1179 1263 1261 1292 αὐτὸν
1283 1263 1336 1297 πρὸ
1351 1262 1433 1296 λόγου
1452 1261 1500 1287 καὶ
1524 1259 1709 1294 διαγνώσεως,
1729 1259 1855 1294 παρέϐη-

1066 1321 1115 1340 σαν
1129 1311 1184 1348 ἄρα
1198 1310 1244 1338 τδν
1255 1310 1347 1345 νόμον.

1101 1395 1322 1430 Ἀπεκρίθησαν
1336 1408 1369 1413 -—
1379 1389 1424 1422 ei;
1436 1390 1495 1426 Μὴ,
1510 1390 1561 1424 τῆς
1575 1389 1660 1424 αὐτῆς
1675 1389 1749 1425 αὺτῷ
1762 1389 1855 1424 χώρας

1067 1444 1115 1472 καὶ
1135 1441 1266 1477 πατρίδος
1279 1439 1328 1472 ὢν,
1344 1439 1387 1466 διὰ
1409 1437 1489 1465 τοῦτο
1515 1436 1621 1471 βοηθεῖς
1646 1435 1740 1471 αὑτῷς
1765 1436 1854 1463 Βλέπε

1066 1490 1126 1520 πῶς
1145 1487 1339 1524 ἀγροικότερον
1356 1485 1403 1512 καὶ
1429 1482 1618 1519 θυμικώτερον
1647 1483 1853 1517 ἀποκρίνονται.

1101 1535 1289 1569 Ἐρεύνησον
1303 1547 1337 1553 --
1361 1530 1526 1566 ἐγήγερται.
1548 1528 1604 1555 Καὶ
1628 1527 1681 1563 μὴν
1704 1529 1755 1554 οὐκ
1778 1527 1854 1556 εἶπεν

1067 1583 1108 1610 ὅτι
1125 1580 1268 1617 προφήτης
1296 1578 1382 1611 ἐστὶν,
1406 1576 1464 1604 ἀλλ’
1480 1577 1520 1602 ὅτι
1547 1573 1748 1610 κατακριθῆναι
1773 1576 1855 1603 αὑτὸν

1068 1627 1254 1660 ἀνεξετάστως
1269 1625 1300 1652 οὐ
1317 1625 1385 1660 χρή·
1411 1623 1436 1649 οἰ
1463 1622 1491 1648 δὲ
1520 1621 1686 1656 ὑϐριστικῶς
1708 1622 1854 1656 λέγουσιν·

1068 1675 1223 1711 Ἐρώτησον
1236 1672 1292 1709 (20)
1308 1673 1355 1699 καὶ
1371 1670 1440 1706 μάθε
1449 1679 1457 1688 ο
1468 1670 1499 1698 οὺ
1511 1670 1566 1705 γὰρ
1579 1667 1654 1700 οἶδας
1669 1668 1718 1700 τὰς
1732 1668 1852 1704 Γραφάς-

1069 1721 1126 1749 Καὶ
1143 1721 1168 1746 εἱ
1182 1720 1232 1746 οὐκ
1245 1717 1314 1745 οἳδεν
1330 1716 1426 1750 αὑτὰς,
1445 1715 1504 1747 πῶς
1523 1715 1596 1750 ὑμᾶς
1608 1713 1705 1749 ἤλεγξε
1721 1713 1854 1749 παραϐαί-

1069 1775 1165 1798 νοντας
1182 1765 1229 1792 τὸν
1243 1765 1273 1792 νό
1278 1772 1342 1799 μον;

1104 1813 1167 1848 Χρὴ
1181 1813 1209 1839 δὲ
1227 1811 1283 1847 (2i)
1302 1811 1447 1844 γινώσκειν
1462 1809 1503 1835 ὅτι
1527 1808 1560 1834 τὰ
1579 1808 1702 1834 ἐντεῦθεν
1717 1808 1783 1842 ἄχρι
1797 1806 1852 1837 τοῦ,

1069 1861 1167 1888 Πάλιν
1189 1857 1245 1887 οὖν
1273 1857 1427 1890 ἐλάλησεν
1446 1855 1548 1888 αὐτοῖς
1569 1856 1585 1882 ὁ
1598 1853 1721 1888 Ἰησοῦς
1745 1853 1853 1887 λέγων’

1070 1905 1142 1941 Ἐγώ
1160 1905 1218 1939 ειμι
1242 1902 1276 1930 τὸ
1295 1901 1358 1937 φῶς
1379 1901 1433 1928 τοῦ
1457 1901 1594 1934 κόσμου’
1618 1899 1694 1934 παρὰ
1718 1899 1775 1932 ('22)
1802 1900 1856 1929 τοῖς

1070 1951 1213 1987 ἀκριϐέσιν
1233 1948 1413 1982 ἀντιγράφοις
1428 1947 1444 1982 ἢ
1461 1947 1510 1981 οὐχ
1532 1946 1647 1981 εὕρηται
1663 1946 1678 1980 ἦ
1699 1945 1854 1972 ὠϐέλισται.

1071 1997 1117 2024 Διὸ
1132 1996 1276 2031 φαίνονται
1304 1993 1510 2028 παρέγγραπτσ.
1539 1992 1586 2018 καὶ
1615 1991 1780 2026 προσθήκη·
1808 1991 1854 2016 καὶ

1070 2042 1167 2070 τούτου
1183 2041 1335 2077 τεκμήριον
1362 2039 1394 2066 τὸ
1420 2039 1487 2074 μηδὲ
1514 2037 1559 2064 τὸν
1582 2037 1777 2072 Χρυσόστομον
1803 2036 1857 2072 (9.5)

1071 2089 1140 2120 ὅλως
1165 2084 1454 2122 μνημονεῦσαιαὺτῶν
1470 2083 1539 2119 (24).
1562 2083 1711 2117 Πειρατέον
1734 2082 1763 2109 δὲ
1784 2083 1858 2117 ὅμως

1072 2135 1138 2169 ἡμῖν
1154 2132 1203 2159 καὶ
1220 2131 1309 2159 ταῦτα
1320 2129 1490 2164 διασαφῆσαι
1503 2136 1510 2143 ’
1527 2128 1577 2154 οὑκ
1589 2127 1703 2162 ἄμοιρον
1719 2127 1776 2162 γὰρ
1791 2127 1860 2162 ὡφε-

1071 2179 1148 2211 λείας
1162 2177 1222 2205 οὑδὲ
1241 2177 1270 2204 τὸ
1283 2178 1314 2203 ὲν
1332 2175 1438 2206 τούτοις
1455 2174 1604 2208 κεφάλαιον
1620 2174 1651 2201 τὸ
1666 2175 1731 2209 περὶ
1747 2174 1800 2210 τῆς
1814 2174 1859 2201 ἐπὶ

234 2213 304 2226 cl---
328 2213 443 2218 ..,...-κ,-
547 2213 668 2223 υ-.η.....,
687 2213 756 2219 -.νυ
816 2213 896 2226 μγ...
913 2213 946 2219 νγ
960 2213 1005 2218 ...-

234 2238 300 2264 liere
327 2237 354 2264 in
382 2237 516 2264 adulterio
547 2237 727 2272 deprehensa,
757 2238 831 2272 quod
860 2238 932 2264 inter
960 2237 1014 2264 haec

1074 2226 1182 2262 μοιχείᾳ
1198 2222 1420 2258 κατειλημμένης
1435 2221 1576 2255 γυναικός.

234 2283 356 2318 ponitur.

286 2354 308 2370 "
324 2353 407 2381 Joaii.
422 2362 480 2386 vni.
497 2355 540 2381 η.

830 2387 930 2419 Variae
946 2386 1100 2417 lectiones
1119 2389 1149 2416 et
1165 2389 1259 2416 notas.

271 2455 328 2491 (20)
342 2452 390 2491 llic
400 2451 632 2491 interpretationis
648 2451 741 2491 locum
755 2451 924 2491 obtiiiet_lioc
931 2455 1021 2491 ’νοθα-

234 2484 341 2520 bulum.
354 2489 407 2516 Sed
420 2484 629 2523 Chrysostoinus
638 2486 810 2523 miiltotiesjd
820 2485 922 2523 tribuit
930 2484 1003 2511 Evan
1012 2498 1019 2503 -

237 2521 521 2563 gelistre.__\lide_t(iin.
537 2521 715 2563 v_iii,_p_.§i_is
728 2521 873 2563 unauana.
960 2562 963 2563 ν
995 2554 1000 2560 _

274 2562 330 2596 (2t)
346 2559 528 2596 llun_c_locum
553 2556 809 2596 laudatlticliardus
829 2556 968 2583 Siiiionius
995 2556 1022 2582 in

238 2591 356 2624 Historia
375 2594 468 2621 critica
485 2598 575 2619 textus
589 2592 622 2619 N.
641 2592 673 2620 'I'.
685 2599 713 2626 p.
731 2591 790 2619 145.

274 2632 330 2667 ('22)
344 2629 405 2667 Ἐπί
422 2628 570 2667 Simonius.

277 2662 332 2699 (23)
349 2665 439 2697 Ὀλως
458 2663 559 2699 omittit
573 2662 656 2689 idem.

276 2695 331 2736 (Ἡ)
349 2695 464 2735 ’Ᾱκριόῆ
490 2697 646 2734 ἀντίγραφα.
674 2703 748 2724 nunc
775 2696 903 2731 appellat,
918 2695 1026 2723 codices

279 2801 311 2834 (ρ
323 2799 361 2826 Ac
379 2799 501 2833 profecto
517 2799 545 2825 in
561 2797 690 2834 omnibus
701 2795 761 2834 ejus
781 2794 910 2830 operibus
921 2792 1024 2819 nullum

245 2832 326 2867 huius
342 2832 506 2861 narrationis
521 2833 612 2860 inveni
625 2832 778 2866 vestigium.

281 2863 319 2903 (υ)
333 2868 414 2895 Nobis
428 2873 526 2896 tamen.
536 2872 590 2896 etc.
607 2863 760 2895 Periculum
771 2871 861 2894 tamen
871 2863 1025 2893 faciendum

1074 2448 1270 2484 Clirysostomi,
1294 2447 1490 2484 eosque_Novi
1521 2446 1699 2484 Testamenti,
1727 2447 1774 2482 qui
1794 2455 1859 2484 cum

1075 2481 1185 2511 scholiis
1200 2483 1371 2510 sunLCrisis
1397 2481 1531 2517 Eutliymii
1568 2482 1689 2517 arguitur
1722 2483 1862 2509 vocabulis

1075 2520 1122 2545 καὶ
1141 2518 1237 2545 τούτου
1253 2518 1413 2552 τεκμήριον.
1428 2518 1528 2544 Eadem
1544 2518 1577 2545 de
1593 2525 1674 2544 causa
1692 2524 1775 2551 supra
1788 2518 1861 2544 solli-

1075 2554 1168 2581 citavit
1190 2553 1270 2581 Luca:
1296 2560 1332 2583 ix,
1366 2552 1409 2580 55.
1440 2552 1599 2587 Eutliymiiis
1625 2551 1742 2579 debebat
1771 2560 1862 2580 nosse.

1074 2588 1458 2624 Clirysostomumexcluisiss‘e
1468 2588 1548 2624 eiiain
1560 2587 1653 2624 Matth:
1663 2594 1752 2624 xxiii,
1761 2587 1863 2624 ιθ-εᾷ

1079 2629 1106 2651 et
1133 2622 1187 2650 alia
1205 2623 1349 2657 permulta.
1377 2622 1549 2657 Copioscrdc
1566 2623 1616 2649 lioc
1642 2623 1703 2649 loco
1728 2622 1861 2656 disputavi

1079 2631 1106 2651 et
1134 2631 1187 2650 alla
1223 2631 1349 2650 ermuita.
1377 2631 1493 2657 ιλοριοδπ
1515 2631 1549 2648 (lc
1566 2631 1616 2649 IIOC
1643 2631 1703 2649 IOCO
1728 2631 1861 2656 ﬂlSpUlaVl

1079 2659 1107 2686 in
1130 2666 1191 2686 mea
1204 2631 1321 2685 FLTest.
1345 2657 1473 2685 editione.
1486 2656 1564 2684 Nunc
1590 2662 1694 2683 iantuin
1706 2657 1790 2689 addo,
1815 2657 1863 2691 legi

1080 2694 1155 2721 illum
1168 2695 1256 2720 locum
1267 2693 1293 2720 in
1309 2692 1494 2726 Evangeliario
1503 2691 1638 2725 Gotliano,
1650 2691 1781 2720 Octobris
1788 2692 1832 2720 die
1839 2693 1864 2724 8,

1086 2729 1124 2760 uti
1138 2729 1192 2763 jaiii
1207 2733 1348 2755 notaverat
1358 2728 1528 2756 Wetstenius

1080 2791 1162 2817 etiam
1179 2790 1237 2816 haec
1263 2788 1410 2823 explicare.
1430 2786 1486 2814 Nec
1517 2786 1588 2813 enim
1601 2786 1746 2823 Hutiligatis
1760 2793 1863 2823 rauci-5

1078 2830 1130 2856 est,
1147 2825 1218 2859 quod
1236 2825 1280 2851 hic
1301 2820 1375 2852 inest
1390 2827 1481 2858 caput,
1497 2823 1531 2850 de
1554 2822 1666 2849 muliere
1681 2820 1709 2847 in
1733 2821 1863 2848 adulterio

1079 2860 1287 2895 comprehensa.
