1919 3076
98 152 163 186 1281

558 162 750 192 COMMENT.
772 163 810 192 ΙΝ
829 164 1018 199 ΙΟΛΝΝΕΜ.
1037 179 1071 185 -
1091 168 1170 198 CAP.
1189 169 1272 203 VIII.

1649 175 1659 208 1
1665 175 1716 206 9.82

130 212 228 238 Καὶ-ε
245 215 346 242 αὑτοῦ.
386 216 575 252 Ὀργισθέντες
600 218 647 244 ἐπὶ
672 213 710 253 τῷ
736 218 808 254 λόγῳ
831 229 864 246 τοη

970 222 1046 251 Vers.
1068 224 1112 251 53.
1129 224 1164 251 Et
1181 241 1215 246 --
1233 234 1323 254 suam.
1347 226 1479 264 indignati
1502 230 1538 258 ob
1563 238 1717 260 sermonem

94 257 263 292 Νικοδήμου,
281 261 327 286 καὶ
348 261 512 296 φοὸηθέντες
540 262 646 298 μήποτε
664 263 712 290 καὶ
725 263 805 296 ἄλλος
820 264 876 291 τῶν

92 303 231 337 ἀρχόντων
242 306 311 332 εἴποι
323 307 442 334 τοιαῦτα.

128 348 184 376 Καὶ
211 351 330 384 Ἰησοῦς
348 353 404 387 (25)
421 369 454 374 —
479 353 613 382 Ἐλαιῶν.

91 394 135 422 διὰ
152 397 246 428 νυκτὸς
260 398 416 434 ἐπιϐουλήν.

128 453 253 486 Ὀρθρου
266 469 300 473 --
315 456 435 489 αὐτούς.
452 456 524 483 Λαδν
539 457 657 485 ἐνταῦθά
671 468 737 494 φησι
753 459 815 491 τοὺς
828 459 873 487 λέ-

89 504 189 530 γοντας
217 499 257 524 ὅτι
285 498 380 533 οὗτός
407 502 492 528 ἐστιν
523 503 672 537 ἀληθῶς-ό
695 504 876 539 προφήτηςΗ

89 543 214 575 καὶτοὺς
241 544 369 579 λέγοντας
393 545 471 579 αὖθις
494 549 535 575 ὅτι
557 548 651 582 Οὗτός
678 550 790 578 ἐστινὸ
808 553 875 585 Χρι-

87 589 161 620 στός
173 597 179 604 ι
194 590 261 624 ὅπερ
289 591 337 618 οὐκ
353 592 512 627 ἐνεγκόντες
526 595 551 621 ot
573 595 706 627 Ἰουδαῖοι,
734 596 830 624 σκόπει
849 597 876 624 τί

86 635 295 668 πονηρεύονται.

124 680 268 714 Ἄγουσιν
286 699 318 703 -
329 686 560 720 μοιχευομένην.
580 687 643 715 Ἐπ’
657 689 818 723 αὐτοφώρῳ
831 688 876 716 λέ-

86 731 165 758 γετιι
181 725 211 752 τὸ
225 727 423 762 αὑτελέγκτως,
437 731 607 765 αὐτοφανῶς,
629 732 779 768 προδήλως.

127 814 178 841 Ἐν
189 830 222 834 -
252 816 356 844 αὐτοῦ.
375 818 557 852 Γινώσκοντες
574 821 629 856 γὰρ
642 821 722 848 αὐτὸν
735 822 872 857 ἐλεήμονα

658 354 804 383 Ἐκκλίνων
831 356 882 392 τὴν

932 268 1083 300 Nicodemi,
1106 277 1139 297 ac
1168 271 1297 300 timentes
1317 281 1351 301 ne
1374 273 1445 303 forte
1471 277 1553 304 etiam
1579 279 1716 314 quispiam
1736 299 1737 314 γ

931 314 1000 342 alius
1013 316 1115 343 similia
1126 317 1241 344 diceret.
1735 314 1739 363 ξ

965 360 1039 388 CAP.
1053 362 1121 389 Vill.
1137 363 1215 390 Vers.
1235 365 1261 391 Ι.
1273 364 1348 392 Jesus
1369 372 1499 393 autem—
1510 367 1658 398 Oliuarum.
1669 371 1731 406 Dea

933 406 1038 435 elinans
1055 413 1203 437 nocturnas
1218 410 1344 439 insidias.

963 452 1040 481 Vers.
1056 454 1084 481 ‘2.
1104 455 1213 483 Summo
1226 472 1262 476 —
1277 457 1346 484 illos.
1369 458 1503 494 Populum
1529 460 1574 489 hic
1596 462 1716 497 appellat

935 505 983 525 eos
997 498 1043 533 qui
1061 499 1188 528 dicebant
1210 508 1218 527 :
1234 501 1285 528 Hic
1300 508 1338 529 est
1356 512 1413 530 vere
1429 505 1557 539 propheta
1569 514 1579 533 :
1595 507 1715 542 itemque

929 550 995 576 eos,
1026 544 1070 578 qui
1091 545 1217 572 dicebant
1235 555 1242 572 :
1266 548 1317 574 Hic
1343 553 1380 574 est
1402 548 1544 583 Christus,-
1566 551 1638 587 quod
1657 559 1712 579 non

927 589 1048 618 ferentes
1068 589 1163 625 Judaei,
1185 592 1246 620 vide
1264 593 1329 628 quid
1350 595 1554 630 malignentur?

961 683 1037 711 Vers.
1055 685 1080 711 5.
1096 685 1234 713 Adducunt
1248 701 1284 707 —
1299 687 1378 716 Vers.
1395 688 1421 717 4.
1439 690 1601 718 adulterium
1617 700 1711 727 perpe-

925 734 1049 757 trantem.
1073 730 1132 757 ‘Err‘
1146 732 1307 768 αὐτοφώρῳ,
1326 734 1378 762 boc
1389 740 1439 768 est,
1461 737 1601 772 manifeste
1622 742 1650 766 et
1666 739 1713 766 de-

923 776 1056 809 prehensa,
1067 777 1102 803 ita
1114 781 1143 804 ut
1154 778 1245 813 negari
1261 787 1315 806 non
1332 781 1428 814 possit.

961 818 1037 847 Vers.
1050 821 1077 848 5.
1091 820 1124 847 In
1135 837 1168 841 —
1179 821 1255 850 Vers.
1275 823 1302 850 6.
1314 824 1401 851 illum.
1415 825 1615 860 Cognoscentes
1625 828 1710 862 enim,

83 862 131 886 καὶ
152 862 294 898 συμπαθῆ,
314 865 486 899 προσεδόκων
503 867 543 893 ὅτι
559 867 682 901 φείσεται
708 867 805 902 αὐτῆς,
823 868 864 894 καἺ

929 872 983 892 eum
1005 867 1209 894 misericordem
1230 876 1290 896 esse
1310 877 1342 896 ac
1365 872 1590 907 compatientem,
1606 874 1710 909 cogita-

83 905 177 932 λοιπὸν
197 907 286 939 ἕξουσι
304 911 475 945 κατηγορίαν
495 912 554 938 κατ’
581 912 676 945 αὐτοῦ,
694 913 732 944 ὡς
751 913 864 948 παρανό-

929 916 988 939 Dant
1012 913 1086 947 quod
1112 918 1185 941 esset
1206 914 1242 941 illi
1263 916 1418 949 parciturus
1432 937 1439 950 ,
1469 921 1498 945 et
1528 919 1564 946 ita
1583 905 1710 948 ihabituri

83 960 142 986 μως
159 953 315 988 φειδομένου
330 955 381 990 τῆς
394 956 448 982 ἀπὸ
463 955 510 982 τοῦ
526 957 608 992 νόμου
623 957 818 994 λιθαζομένης.

123 1079 155 1107 '0
166 1081 200 1108 δὲ
228 1081 349 1116 Ἰησοῦς
361 1098 396 1103 ——
415 1083 482 1118 γῆν.
499 1085 589 1120 Ὀπερ
609 1085 722 1113 εἰώθασι
740 1086 872 1120 πολλάκις

83 1131 171 1155 ποιεῖν
188 1130 213 1155 οἱ
233 1129 270 1165 μὴ
287 1130 410 1162 θέλοντες
436 1131 632 1166 ἀποκρίνεσθαι
646 1132 703 1167 (26)
721 1133 791 1168 πρὸς
807 1135 872 1165 τοὺς

82 1175 245 1210 ἐρωτῶντας
270 1176 373 1211 ἄκαιρα
403 1177 448 1203 καὶ
463 1178 676 1212 ἀνάξια-γνοὺς
699 1179 754 1214 γὰρ
781 1180 871 1206 αὐτῶν

81 1222 131 1256 τὴν
148 1222 272 1258 μηχανὴν
284 1225 475 1258 προσεποιεῖτο
490 1224 606 1259 γράφειν
621 1224 662 1256 εἰς
683 1225 732 1260 τὴν
748 1225 810 1260 γῆν,
823 1225 871 1252 καὶ

82 1267 120 1302 μὴ
138 1270 278 1303 προσέχειν
289 1267 330 1300 οἷς
346 1270 450 1304 ἔλεγον.

125 1314 171 1344 Ὠς
183 1329 218 1333 -
228 1314 333 1347 αὑτήν.
347 1315 417 1351 Ὅρα
431 1316 526 1350 σοφίαν
542 1316 592 1351 τῆς
605 1316 770 1351 αὐτοσοφίας
784 1326 870 1344 κατα-

81 1359 264 1394 σοφιζομένην
292 1361 455 1396 εὐμηχάνως
471 1362 519 1393 τὰς
538 1363 662 1397 μηχανὰς
677 1361 779 1390 αὐτῶν.
796 1362 868 1398 Ὅρα

81 1405 138 1436 πῶς
154 1405 212 1440 ἄμα
227 1407 274 1432 καὶ
292 1406 337 1432 τὸν
353 1407 434 1440 νόμον
448 1407 578 1442 ἐτήρησε,
596 1408 641 1434 καὶ
666 1407 716 1442 τῆς
738 1409 869 1441 γυναικὸς

79 1449 217 1482 ἐφείσατο.
240 1450 387 1486 Ἐπέτρεψε
397 1452 451 1485 γὰρ
462 1452 507 1477 τὸν
523 1451 714 1486 ἀναμάρτητον
731 1451 760 1483 ἐξ
776 1452 868 1479 αὐτῶν

78 1495 214 1529 ἄρξασθαι
232 1496 280 1522 τοῦ
312 1497 458 1524 λιθοϐολεῖν
488 1497 582 1533 αὐτὴν,
599 1497 677 1529 εἰδὼς
705 1497 810 1529 πάντας
840 1499 869 1525 ὲν

78 1543 239 1576 ἁμαρτίαις.

115 1589 169 1615 Καὶ
184 1589 277 1616 πάλιν
289 1605 322 1609 -
344 1589 411 1624 τῆν.
430 1590 488 1618 Ἵνα
502 1591 540 1626 μὴ
556 1591 698 1626 βλέποντος
715 1593 755 1624 εἰς
768 1591 866 1624 αὐτοὺς

77 1636 261 1670 αἰσχύνωνται
287 1638 352 1672 ῥᾷον
371 1637 457 1669 οὓτως
474 1638 661 1673 ἐλεγχθέντες,
679 1640 727 1666 καὶ
744 1639 797 1672 ἵνα,
825 1639 863 1671 ὡς

77 1682 161 1709 αὑτοῦ
181 1683 262 1717 δῆθεν
279 1683 478 1719 ἀσχολουμένου
498 1685 537 1716 είς
550 1684 580 1710 τὺ
596 1686 723 1719 γράφειν,
744 1686 791 1721 ἐξῇ
816 1686 866 1712 αὺ-

76 1730 134 1761 τοῖς
150 1730 363 1765 ὑπαναχωρῆσαι
376 1730 429 1765 πρὸ
442 1731 633 1766 φανερωτέρας
652 1731 864 1766 καταγνώσεως·

76 1775 124 1801 καὶ
151 1775 241 1802 αὐτῶν
271 1775 325 1811 γὰρ
350 1776 470 1811 ἐφείδετο
495 1776 527 1803 δι’
557 1776 711 1813 ὑπερσολὴν
747 1781 866 1813 χρηστο-

75 1829 168 1856 τητος.

112 1869 145 1893 Ol
160 1867 194 1893 δὲ
209 1882 245 1886 -
261 1867 408 1902 ἐσχάτων.
426 1868 520 1900 Οὐδεὶς
539 1869 593 1904 γὰρ
608 1869 800 1906 ἀναμάρτητον
825 1870 865 1897 εἰ·

76 1913 136 1940 πεῖν
148 1913 243 1940 ἑαυτὸν
258 1914 384 1948 ἠδύνατο.

111 1959 166 1986 Καὶ
182 1973 213 1978 -
225 1960 419 1993 κατέκρινεν;
449 1959 690 1995 Ἀναχωρήσαντες
717 1961 772 1996 γὰρ
789 1962 862 1996 ἀφῆ-

76 2012 129 2030 καν
145 2004 227 2039 αὐτὴν
241 2004 344 2031 ἀνετοψ
360 2005 421 2031 ἐπεὶ
435 2004 462 2031 δὲ
478 2006 584 2038 ἄνετον,
599 2007 707 2037 πάντως
728 2007 775 2033 καὶ
795 2008 863 2033 ἀκα-

75 2049 205 2084 τάκριτον
223 2049 254 2074 τὸ
269 2049 313 2076 ἐπ’
327 2049 418 2082 αὐτοῖς
438 2056 444 2063 ⁶
462 2047 481 2085 ἧ
492 2052 545 2085 γὰρ
570 2050 604 2076 ἂν
621 2051 749 2086 συνέσχον
766 2051 862 2086 αὐτήν.

115 2139 148 2168 Ἡ
159 2155 189 2160 -
204 2140 382 2174 κατακρίνω.
398 2139 430 2166 Εἰ
447 2139 500 2175 γὰρ
520 2141 618 2166 ἐκεῖνοι
633 2140 771 2176 ἄνθρωποι
785 2141 861 2174 ὄντες

71 2187 103 2214 οὗ
119 2185 283 2220 κατέκριναν
298 2194 338 2217 σε,
356 2186 446 2219 πολλῴ
465 2185 564 2221 μᾶλλον
583 2186 642 2212 οὐδὲ
660 2186 714 2220 ἐγώ
731 2194 760 2212 σε
778 2194 862 2213 κατα-

72 2233 170 2269 κρίνω,
183 2232 248 2263 Θεὸς
264 2231 302 2260 ὣν
317 2233 363 2258 καὶ
378 2232 424 2258 τοῦ
439 2231 521 2266 νόμου
536 2231 646 2267 Κύριος.

108 2326 242 2360 Πορεύου
258 2342 293 2347 -
307 2325 467 2360 ἁμάρτανε.
493 2324 654 2360 Ἀρκοῦντος
671 2324 718 2352 τοῦ
732 2324 860 2360 τηλικού-

71 2381 118 2398 του
133 2373 277 2407 θριὰμὸου,
301 2373 349 2399 καὶ
363 2372 414 2407 τῆς
440 2371 556 2398 ἐνώπιον
572 2370 707 2397 τοσούτων
727 2371 859 2406 αἰσχύνης

71 2420 111 2450 εἰς
135 2419 270 2453 τιμωρίαν
283 2427 289 2433 ε
307 2419 377 2453 ἔγνω
395 2418 448 2453 γὰρ
465 2417 549 2454 αὐτὴν
572 2420 620 2443 καὶ
648 2417 857 2452 μετανοήσασα»)

71 2464 246 2498 ὁλοκαρδίως.

107 2510 203 2537 Πάλιν
219 2509 395 2543 -υ-κόσμου,
426 2509 470 2540 Ὠς
500 2507 626 2544 φωτίζων
645 2508 689 2534 τὸν
712 2507 774 2534 νοῦν
801 2508 856 2534 τῶν

72 2555 234 2591 ἀνθρώπων,
246 2556 292 2581 καὶ
305 2554 408 2590 ὁδηγῶν
422 2555 477 2581 ἀπὸ
490 2555 540 2589 τῆς
556 2555 660 2589 πλάνης
675 2555 715 2585 εἰς
730 2554 780 2589 τὴν
793 2553 858 2588 ἀλή-

73 2603 148 2630 θειαν
161 2605 206 2628 και
220 2602 272 2627 ἀπὸ
287 2601 337 2636 τῆς
352 2601 491 2636 ἁμαρτίας
505 2602 545 2632 είς
559 2602 608 2637 τὴν
623 2601 735 2636 ἀρετὴν,
757 2600 804 2626 καὶ
818 2599 857 2630 ὡς

72 2649 260 2684 κατιλάμπων
276 2647 324 2674 καὶ
356 2646 507 2681 φαιδρύνων
522 2648 552 2674 τὸ
569 2647 734 2682 ἡγεμονικὸν
749 2645 852 2678 αὐτῶν,

73 2696 163 2726 καθὼς
179 2696 226 2722 καί
250 2697 277 2721 ὲν
294 2694 446 2730 προοιμίοις
461 2693 508 2719 τοῦ
540 2693 671 2728 παρόντος
687 2693 853 2727 Εὑαγγελίου

924 962 1018 985 essent
1043 958 1175 986 adversus
1199 967 1261 987 eum
1290 961 1502 995 accusationem,
1522 969 1615 999 utpote
1642 966 1709 1001 legis

924 1005 1141 1038 transgressione
1156 1005 1193 1032 illi
1206 1011 1375 1044 parcentem,
1388 1016 1448 1042 qua:
1458 1010 1610 1037 secundum
1623 1011 1708 1047 legem

922 1048 1066 1083 lapidanda
1081 1055 1150 1078 erat.

958 1093 1035 1121 Vers.
1053 1095 1079 1122 6.
1097 1095 1311 1125 Jews—terra.
1332 1098 1410 1132 Quod
1434 1100 1596 1135 frequenter
1619 1102 1710 1130 faccre

923 1139 1023 1172 solent,
1046 1141 1092 1175 qui
1113 1142 1280 1176 respondere
1300 1143 1396 1171 nolunt
1412 1145 1566 1180 importuna
1584 1147 1709 1183 indigna-

922 1193 974 1221 que
987 1186 1161 1221 rogantibus:
1175 1187 1281 1222 cognita
1292 1189 1364 1215 enim
1373 1190 1480 1217 illorum
1493 1192 1706 1226 machinatione,

923 1230 1041 1266 ﬁngebat
1062 1239 1091 1259 se
1114 1232 1141 1259 in
1158 1236 1229 1260 terra
1249 1233 1380 1267 scribere,
1403 1243 1455 1263 nec
1483 1236 1526 1264 bis
1546 1239 1702 1271 attendere.

921 1284 982 1311 quae
1001 1276 1136 1305 dicebant.

956 1322 1038 1350 Vers.
1071 1325 1096 1350 7.
1122 1323 1334 1352 Cum—illam.
1358 1325 1426 1354 Vide
1456 1327 1616 1362 sapientiam
1637 1329 1707 1364 ejuS,

920 1369 966 1403 qui
995 1369 1054 1404 ipsa
1079 1374 1121 1397 est
1151 1370 1309 1406 Sapientia.
1345 1371 1412 1399 Nam
1440 1374 1574 1408 sagaciter
1600 1375 1707 1403 illorum

921 1415 1027 1450 decepit
1044 1416 1262 1444 machinationes
1280 1427 1287 1445 :
1312 1418 1392 1446 simul
1409 1425 1436 1447 et
1459 1421 1594 1448 servando
1617 1422 1703 1457 legem

920 1465 946 1488 et
963 1462 1098 1495 parcendo
1111 1462 1227 1490 mulieri.
1242 1463 1380 1498 Siquidem
1391 1466 1415 1492 ei
1430 1466 1475 1501 qui
1489 1474 1521 1493 ex
1538 1467 1605 1501 ipsis
1615 1477 1629 1493 ιι
1644 1477 1707 1503 pec-

920 1513 980 1534 cato
1008 1507 1137 1535 immunis
1161 1513 1254 1542 esset,
1286 1511 1413 1544 permisit
1441 1517 1470 1539 ut
1497 1520 1557 1539 eam
1585 1513 1706 1548 lapidare

920 1553 1052 1588 inciperet
1069 1563 1075 1582 :
1094 1555 1184 1582 sciens
1199 1563 1294 1583 omnes
1311 1556 1432 1591 peccatis
1447 1565 1507 1585 esse
1522 1558 1666 1586 obnoxios.
1687 1573 1694 1577 -

955 1599 1032 1628 Vers.
1049 1601 1075 1628 8.
1091 1601 1256 1636 Rursumque
1267 1617 1302 1622 —
1315 1607 1386 1629 terra
1397 1622 1404 1630 .
1419 1603 1454 1630 Ut
1466 1604 1530 1630 dum
1544 1605 1600 1638 ipse
1617 1605 1642 1632 in
1659 1613 1705 1632 eos

892 1657 895 1660 λ
917 1654 972 1673 non
989 1647 1144 1682 respiceret,
1162 1647 1355 1675 erubescerent
1371 1648 1458 1675 lenius
1473 1649 1610 1684 redarguti
1625 1657 1633 1676 :
1653 1651 1705 1678 uti-

917 1699 970 1726 que
999 1692 1034 1718 ita
1061 1692 1105 1719 illo
1140 1692 1168 1719 in
1205 1693 1350 1721 scribendo
1370 1700 1513 1729 occupato,
1539 1696 1644 1730 liceret,
1665 1698 1705 1723 eis

917 1737 1017 1764 sensim
1038 1737 1194 1770 abscedere,
1219 1742 1370 1772 antequam
1387 1740 1557 1768 manifestius
1577 1742 1704 1768 condem-

916 1787 1047 1809 narentur
1065 1791 1072 1809 :
1089 1790 1153 1809 nam
1169 1790 1218 1810 sua
1235 1790 1341 1810 summa
1357 1784 1525 1819 benignitate
1541 1785 1622 1812 etiam
1636 1786 1702 1820 ipsis

916 1828 1055 1863 parcebat.

953 1871 1029 1900 Vers.
1051 1873 1076 1901 9.
1091 1874 1124 1900 At
1135 1873 1175 1900 illi
1189 1887 1225 1893 —-
1248 1879 1402 1909 postremos.
1427 1873 1523 1901 Nullus
1538 1875 1612 1902 enim
1648 1875 1703 1902 sei-

916 1927 997 1954 psum
1007 1927 1022 1946 a
1039 1925 1151 1954 peccato
1165 1920 1316 1947 immunem
1329 1921 1420 1947 dicere
1431 1925 1546 1955 poterat.

952 1963 1030 1992 Vers.
1045 1965 1072 1992 9.
1093 1964 1127 1991 Et
1143 1980 1177 1984 ——
1189 1964 1266 1992 Vers.
1281 1965 1322 1993 10.
1340 1966 1521 1992 condemnauit
1534 1966 1545 1992 7
1557 1966 1683 1993 Reccden
1694 1980 1701 1986 -

918 2015 957 2038 les
975 2018 1094 2045 namque
1107 2010 1269 2038 dimiserant
1283 2018 1342 2038 eam
1363 2010 1504 2043 intactam,
1534 2012 1625 2046 utique
1645 2019 1699 2038 non

915 2055 1134 2087 condemnatam,
1151 2056 1225 2090 quod
1245 2055 1279 2083 ad
1298 2063 1327 2083 se
1338 2056 1507 2090 pertinebat,
1535 2056 1636 2090 alioqui
1649 2065 1700 2091 op-

913 2102 1079 2137 pressissent
1098 2110 1169 2129 eam.

951 2147 1027 2175 Vers.
1047 2149 1087 2175 ll.
1103 2147 1166 2180 Qua:
1179 2162 1212 2168 —
1228 2149 1381 2175 condemno.
1404 2148 1473 2175 Nam
1504 2149 1526 2176 si
1559 2149 1608 2181 illi,
1636 2157 1698 2176 cum

913 2192 1039 2220 homines
1056 2192 1122 2225 sint,
1141 2197 1167 2220 te
1175 2200 1229 2220 non
1242 2193 1502 2226 condemnaverunt,
1518 2194 1602 2221 multo
1613 2195 1699 2230 magis

872 2244 900 2274 Ι)
913 2245 973 2274 ego,
990 2238 1036 2272 qui
1053 2238 1123 2265 Deus
1138 2245 1210 2270 sum,
1224 2238 1348 2273 legisque
1364 2238 1506 2272 Dominus,
1518 2243 1543 2267 te
1561 2247 1616 2266 non
1632 2248 1700 2267 con-

948 2292 1023 2312 mno.

948 2292 1023 2312 mno.

911 2286 1027 2358 deVers.
1043 2329 1083 2356 ll.
1097 2330 1147 2357 Abi
1160 2346 1194 2351 —
1208 2331 1364 2364 peccaueris.
1381 2330 1454 2357 Satis
1468 2331 1541 2358 enim
1561 2337 1619 2359 erat
1638 2332 1699 2360 talis

911 2376 1070 2411 divulgatio,
1105 2381 1132 2404 et
1147 2384 1235 2404 coram
1262 2381 1301 2404 tot
1323 2377 1486 2403 adversariis
1510 2378 1697 2405 erubescentia

911 2430 960 2457 pro
976 2422 1110 2456 supplicio
1127 2431 1134 2449 :
1149 2423 1266 2450 maxime
1278 2429 1340 2449 cum
1359 2421 1444 2449 sciret
1458 2424 1531 2458 quod
1549 2421 1623 2461 illam
1638 2427 1695 2450 toto

912 2468 994 2496 corde
1006 2468 1161 2504 pcenileret.

947 2513 1024 2541 Vers.
1043 2513 1085 2541 12.
1103 2513 1205 2541 Iterum
1220 2528 1255 2534 —-
1269 2514 1373 2541 mundi.
1390 2513 1491 2548 Utpote
1511 2519 1628 2541 mentem
1643 2515 1694 2541 hu-

912 2559 1015 2586 minum
1030 2559 1187 2586 illuminans
1198 2563 1226 2586 et
1240 2559 1274 2587 ab
1289 2567 1382 2586 errore
1391 2559 1493 2586 ducens
1501 2559 1693 2592 adveritatem,

910 2610 925 2629 a
941 2605 1050 2636 peccato
1062 2602 1095 2628 ad
1110 2603 1238 2630 virtutem
1255 2611 1262 2630 :
1284 2607 1313 2630 et
1339 2607 1467 2638 tanquam
1500 2603 1639 2631 illustrans
1661 2611 1693 2631 ac

908 2648 1062 2675 exhilarans
1098 2648 1204 2675 animas
1238 2656 1345 2682 eorum,
1396 2649 1628 2684 quemadmodum
1665 2650 1691 2677 in

908 2694 1044 2721 Pruwnnio
1056 2693 1198 2728 praesentis
1211 2694 1346 2730 Evangelii
1359 2694 1550 2727 diem-pimus,
1577 2695 1622 2723 ubi
1646 2695 1690 2723 di-

644 2783 742 2814 Varize
765 2783 918 2815 lectiones
935 2788 966 2815 et
989 2788 1083 2816 notat.

107 2853 161 2886 (9.3)
190 2855 241 2882 Pro
256 2853 367 2887 vulgari,
384 2853 458 2879 Jews
480 2852 670 2887 autequuod
699 2851 849 2879 Henteuius

73 2889 185 2923 eddnlil,
208 2886 320 2924 uterque
337 2889 430 2922 habet,
445 2887 498 2914 Καὶ
511 2886 626 2923 Ἰησοῦς.

940 2852 996 2887 (‘26l
1021 2849 1231 2886 ’Δποκρίναπθαι
1248 2850 1281 2877 Α.
