1919 3076
101 155 170 188 1:235

555 156 748 188 COMMENT.
769 155 810 185 IN
829 154 1019 186 JOANNEM.
1039 168 1075 176 -
1094 157 1172 188 CAP.
1194 159 1276 190 VIII.

1652 165 1721 198 ιὲϐ

97 214 143 248 χοῦ
157 213 231 247 λέγει
246 213 290 240 διὰ
306 213 355 249 τὴν
372 214 514 241 ἀσθένειαν
531 214 631 247 αὐτῶν,
646 215 689 242 ἶνα
707 215 820 246 ἐκείνοις
834 215 882 250 μὲν

934 214 1029 248 quitur
1043 221 1155 251 propter
1169 224 1263 244 eorunt
1281 217 1494 246 imbecillitatem
1509 225 1550 252 ,ut
1580 221 1633 249 illis
1659 223 1722 258 qui.

96 258 138 294 εἴη
165 261 323 294 ἀσυμφανῆ,
351 261 407 292 τοῖς
431 260 628 296 δυνατωτέροις
656 261 685 287 δὲ
709 262 883 296 Χριστιανοῖς

97 306 217 339 ἐμφανῆ,
238 305 299 331 Ἐπὶ
313 305 423 333 πάντων
436 304 482 333 οὖν
498 305 553 334 τῶν
571 307 699 334 τοιούτων
713 307 816 343 ταύτην
840 309 884 343 γίι-

96 360 184 377 νωσκε
200 351 248 386 τὴν
263 352 365 379 αἰτίαν.

131 396 205 432 Ἐγὼ
217 397 400 432 -ἐμαυτοῦ,
419 399 503 427 Πάλιν
514 399 582 436 πρὸς
594 400 636 427 to"
651 400 693 427 Σὺ
706 401 773 435 περὶ
790 409 883 429 σεαυ-

95 443 148 470 τοῦ
159 444 328 478 paptt'peiq,
336 446 450 472 ποιεῖται
460 445 506 472 τδν
516 446 605 481 λόγον,
619 446 690 481 Ἐγὼ
703 449 770 481 ειμι.
784 447 881 481 λέγων,

95 490 112 515 ὁ
123 489 282 523 μαρτυρῶν
296 492 361 526 περὶ
376 492 516 526 ἐμαυτοῦ,
530 493 554 519 εί
570 493 616 519 καὶ
633 493 722 525 οὐδεὶς
749 495 883 529 μαρτυρεῖ

94 535 158 568 περὶ
175 535 272 562 ἑαυτοῦ
288 545 294 552 ·
314 537 369 572 ἐγὼ
398 538 449 573 μὲν
465 538 518 575 γὰρ
536 539 574 571 ὡς
599 539 675 572 Θεὸς,
689 540 775 572 οὐδεὶς
797 541 825 568 δὲ
844 542 882 574 ὡς

93 581 141 607 ἄνθ
145 590 245 616 ρωπος.

127 674 181 700 Kal
199 688 231 694 —-
247 674 356 709 Πατήρ.
373 676 404 702 Et
421 676 459 710 μὴ
472 675 528 711 ἐγὼ
543 677 613 704 δοκῶ
626 678 691 713 ὑμῖν
711 679 879 711 ἀξύπιστος.

91 720 236 754 Μαρτυρεῖ
257 721 312 757 γὰρ
330 721 373 748 διὰ
388 722 436 748 τοῦ
457 726 596 758 προφήτου
625 724 724 758 λέγων·
745 725 812 752 Ἰδοὺ
834 725 879 753 τέ-

93 765 171 792 οεικά
188 775 216 792 σε
233 767 272 798 εἰς
283 768 340 801 φῶς
353 768 448 801 ἐθνῶν,
463 768 557 804 [ἤγουν
572 770 628 805 (55)
643 771 683 801 εις
694 771 724 797 τὸ
736 769 806 798 εἶναι
822 772 880 806 φῶς

92 810 201 846 ἐθνῶν]
218 812 385 848 Προείρηται
400 813 429 839 δὲ
447 815 495 840 καὶ
513 816 542 841 ἐν
560 815 598 851 τῷ
612 816 719 852 ἑϐδόμῳ
736 817 878 852 κεφαλαίῳ

92 858 150 890 πῶς
164 860 178 885 ὁ
194 860 287 895 Πατὴρ
306 862 441 896 μαρτυρεῖ
457 862 522 898 περὶ
539 862 632 896 αὐτοῦ,
647 863 713 890 ἔνθα
734 865 822 890 κεῖται
834 864 875 896 τὸ,

90 904 144 930 Καὶ
160 905 175 929 ό
193 903 314 938 πέμψας
324 913 362 939 με
375 906 476 941 Πατὴρ
487 907 555 943 (54),
572 909 664 942 αὐτὸς
671 909 879 944 μεμαρτύρηκε

90 948 158 981 περὶ
169 948 253 982 ἐμοῦ.

127 995 252 1029 Ἔλεγον
266 1009 302 1017 -—
320 997 397 1031 σοῢ;
423 999 536 1034 Ἔλεγον
553 1000 633 1026 τοῠτο
648 1001 877 1035 προσποιούμενοι

89 1040 195 1074 ἀγνοεῖν
212 1042 272 1069 τίνα
287 1043 360 1077 λέγει
372 1045 491 1080 Πατέρα,
503 1047 550 1072 καὶ
563 1047 748 1082 πειράζοντες.

131 1134 282 1170 Ἀπεκρίθη
313 1152 349 1157 -
379 1147 447 1173 μου.
479 1138 546 1175 [Ὦς
575 1140 630 1175 (55)
662 1142 875 1176 προσπυιεισϐε·

88 1180 122 1216 τῇ
137 1181 250 1217 ἀληθείᾳ
266 1183 321 1218 γὰρ
337 1183 437 1217 οῖδατε,
452 1185 544 1217 καθὼς
556 1188 604 1213 καὶ
617 1187 746 1223 ἀνωτέρω
758 1187 875 1222 δεδήλω-

88 1235 144 1253 ται.
161 1228 194 1254 Ἢ
208 1228 288 1254 τοῦτο
303 1227 380 1263 εἷπε,
399 1231 467 1257 διότι
499 1233 712 1266 προσεποιοῦντο
732 1233 876 1267 γινώσκειν

88 1273 169 1299 αὑτὸν
185 1274 241 1301 υἱὸν
258 1275 305 1301 τοῦ
320 1276 420 1311 Ἰωσὴφ
431 1297 437 1308 ,
453 1277 539 1311 λέγων
550 1287 557 1294 ·
572 1279 603 1305 Εἰ
619 1278 705 1310 οὕτως
720 1279 820 1312 οἴδατε,
836 1280 874 1312 ὡς

88 1321 290 1354 προσποιεῖσθε,
302 1323 376 1349 Οὔτε
390 1323 442 1357 ἐμὲ
452 1323 551 1351 οἴδατε
561 1333 567 1338 ·
581 1325 611 1352 οὐ
624 1326 678 1361 γὰρ
691 1327 745 1359 ἐγὼ
760 1327 815 1358 υἱὸς
827 1327 874 1353 τοῦ

88 1363 206 1400 Ἰωσὴφ·
233 1367 301 1393 οὔτε
325 1368 378 1395 τὸν
401 1369 516 1403 Πατέρα
535 1379 613 1405 μου·
641 1371 696 1407 (ὖϐ)
724 1373 753 1399 οὐ
781 1372 834 1408 γὰρ
860 1374 874 1400 ὁ

93 1409 189 1445 Ἰωσὴφ
203 1413 293 1448 πατήρ
306 1422 368 1448 μου.

122 1458 157 1483 Et
168 1472 202 1476 —
214 1458 311 1492 ᾔδειτε
319 1459 368 1486 ἄν.
379 1461 451 1493 Μιᾶς
460 1461 515 1496 γὰρ
526 1461 676 1498 ἀμφότεροι
689 1463 805 1497 φύσεως.
818 1464 873 1491 Καὶ

86 1502 116 1527 ὲν
130 1502 167 1536 τῷ
185 1504 372 1540 ἑκκαιδεκάτῳ
389 1506 416 1531 δὲ
433 1507 575 1542 κεφαλαίῳ
593 1509 661 1543 πρὸς
677 1509 724 1535 τὸν
738 1510 872 1536 Φίλιππον

934 260 995 287 dem
1006 262 1110 289 occulta
1125 262 1190 293 sint,
1202 263 1401 292 robustioribus
1414 273 1478 293 vero
1488 266 1651 296 Christianis
1665 277 1722 297 ma~

934 307 1043 336 nifesta.
1065 309 1096 336 In
1109 309 1236 337 omnibus
1248 319 1314 346 ergo
1334 312 1473 340 similibus
1503 322 1614 342 causam
1647 316 1719 344 hanc

933 353 1086 388 agnoscito.
1098 346 1102 350 ”

969 397 1048 427 Vers.
1062 400 1106 427 18.
1121 400 1175 435 Ego
1186 416 1220 421 -—
1232 403 1338 437 meipsa.
1351 402 1468 431 Rursum
1486 405 1518 432 ad
1535 405 1574 439 id,
1588 408 1657 440 quod
1679 409 1720 436 di-

933 450 1050 472 xerant:
1071 447 1108 472 Tu
1125 448 1302 476 testimonium
1320 450 1436 482 perhibes
1473 451 1505 478 de
1528 454 1619 488 tt'ipso,
1646 455 1717 482 hunc

935 489 998 518 facit
1013 498 1170 519 sermonem
1191 493 1285 520 dicens
1299 503 1305 520 :
1322 494 1377 529 Ego
1393 497 1572 524 testimonium
1598 501 1718 532 ρει-Ιιὶβυο

932 537 963 563 de
977 538 1082 571 meipso,
1099 538 1204 566 etiamsi
1226 548 1305 567 nemo
1323 541 1463 575 pet-hibeat
1475 544 1508 570 de
1535 545 1625 579 scipso
1641 555 1648 578 ;
1667 555 1717 582 ego

932 582 1066 617 siquidem
1083 589 1213 619 tanquam
1234 585 1305 614 Deus
1321 606 1329 620 ,
1364 595 1445 615 nemo
1469 593 1559 617 autem
1588 595 1714 626 tanquam

933 629 1025 656 homo.

966 674 1049 702 Vers.
1068 675 1109 702 18.
1129 676 1161 702 Et
1174 692 1208 697 -——
1224 676 1315 705 Pater.
1333 678 1358 706 Si
1377 687 1426 715 ego
1440 681 1515 708 vobis
1541 683 1592 709 title
1619 683 1716 718 dignus

930 721 1102 748 nonvideor.
1136 721 1303 750 Fertautem
1336 725 1522 753 testimonium
1551 728 1643 755 dicens
1665 737 1713 763 per

930 765 1091 800 prophetam
1109 775 1114 793 :
1130 766 1210 793 Posui
1223 768 1286 794 tein
1313 769 1396 796 lucem
1421 772 1538 805 gentium
1551 773 1583 803 υ,
1607 774 1663 800 sive
1688 779 1717 800 ut

930 811 975 837 lux
996 811 1033 838 sis
1047 812 1181 847 gentium.
1212 812 1377 842 Praedictum
1413 821 1453 843 est
1485 822 1574 844 autem
1602 820 1716 853 septimo

931 856 1012 882 etiam
1030 857 1128 890 capite.
1145 858 1282 891 quomodo
1298 858 1378 886 Pater
1391 860 1425 887 de
1439 861 1497 896 ipso
1509 862 1579 889 [erat
1593 864 1716 890 testimo-

932 899 1019 932 nium,
1037 901 1082 927 ubi
1100 901 1222 929 dicitur:
1241 902 1275 929 Et
1304 904 1348 938 qui
1377 906 1447 932 misit
1479 915 1518 933 me
1543 908 1634 941 Pater,
1662 910 1717 943 ipsa

930 947 1108 974 testimonium
1116 948 1244 982 per/libuit
1254 949 1286 975 de
1300 958 1340 977 me
1352 951 1386 978 ".

966 993 1042 1020 Vers.
1059 994 1102 1022 l9.
1130 994 1401 1024 Dixerunt—tuus?
1428 997 1557 1026 Dicebant
1584 1000 1634 1028 hoc
1663 1001 1715 1028 ﬁn-

928 1045 1031 1074 gentes,
1049 1047 1078 1066 se
1091 1040 1216 1074 ignorare
1231 1048 1377 1076 quemnam
1394 1043 1497 1072 diceret
1525 1045 1644 1080 Patrem,
1680 1055 1711 1074 ac

929 1089 1078 1114 tentantes.

962 1131 1040 1159 Vers.
1063 1132 1106 1160 19.
1129 1133 1272 1168 Respondit
1296 1149 1330 1154 —
1360 1143 1457 1162 meum.
1479 1135 1712 1168 Quemadmodum

927 1177 1063 1205 simulatis
1085 1188 1090 1205 :
1107 1187 1168 1206 nam
1188 1180 1214 1206 in
1236 1180 1349 1208 veritate
1369 1182 1466 1214 nostis,
1479 1183 1710 1216 quemadmodum

927 1224 1056 1258 superius
1072 1228 1213 1252 ostensum
1229 1230 1282 1253 est.
1297 1228 1351 1254 Aut
1367 1227 1419 1254 hoc
1449 1228 1526 1259 dixit.
1539 1228 1602 1263 quia
1627 1230 1714 1257 sium-

926 1268 1018 1295 labant
1029 1276 1058 1296 se
1073 1270 1142 1297 scire
1156 1271 1227 1305 quod
1247 1271 1317 1299 [ilius
1338 1277 1410 1300 esset
1423 1273 1535 1308 Joseph.
1547 1274 1617 1301 Dicit
1627 1282 1708 1310 ergo:

927 1313 955 1342 Si
973 1322 1016 1342 me
1032 1315 1067 1341 ita
1086 1316 1261 1350 cognoscitis,
1278 1321 1306 1344 ut
1321 1317 1431 1353 ﬁngitis,
1451 1327 1532 1353 neque
1561 1327 1600 1346 me
1609 1323 1688 1347 nostis
1702 1329 1713 1354 ,-

926 1370 979 1388 nott
998 1370 1057 1388 sum
1068 1361 1142 1389 enim
1160 1362 1358 1398 tiliusJoseph:
1377 1373 1459 1401 neque
1470 1365 1575 1394 Patrem
1607 1375 1713 1401 meum;

925 1415 988 1434 nam
1007 1407 1109 1442 Joseph
1127 1417 1182 1435 tton
1196 1414 1239 1436 est
1256 1414 1333 1444 pater
1346 1419 1435 1438 meus.

962 1453 1039 1480 νοτε.
1058 1454 1101 1481 19.
1121 1453 1150 1481 Si
1163 1469 1199 1474 -—
1214 1456 1303 1490 utique
1319 1457 1512 1492 cagnoviuetis.
1542 1458 1608 1486 Nam
1631 1460 1712 1487 unius

925 1506 1020 1526 sumus
1037 1499 1117 1527 ambo
1135 1504 1251 1527 naturae.
1265 1501 1291 1527 In
1307 1501 1413 1529 decimo
1426 1507 1502 1530 sexto
1516 1503 1597 1530 etiam
1623 1505 1711 1539 capite

86 1547 212 1582 εἴρηκεν·
239 1550 270 1576 '0
294 1550 430 1584 ἑωρακὼς
453 1552 516 1586 ἐμὲ,
534 1553 643 1586 ἑώρακε
668 1555 721 1582 τὸν
745 1557 886 1590 Πατέρα,¹

934 1545 992 1572 lixit
1005 1545 1037 1572 ad
1054 1545 1207 1581 Philippum
1226 1555 1232 1573 :
1249 1546 1300 1578 Qui
1313 1548 1377 1574 vidit
1388 1556 1437 1582 me,
1447 1550 1511 1576 vidit
1523 1554 1546 1575 et
1556 1549 1664 1577 Patrem
1676 1551 1709 1583 ⁸⁵,

86 1591 170 1626 ἧγουν
185 1593 198 1619 6
215 1594 360 1628 νενοηκὼς,
373 1595 388 1620 ὁ
408 1597 499 1628 γνούς.
515 1597 624 1631 Εῖὸησιν
636 1599 690 1634 γὰρ
703 1600 750 1626 καὶ
775 1602 870 1635 ὂρχσιν

85 1637 137 1662 οὐκ
164 1637 295 1672 αἰσθητήν
328 1647 422 1673 φησιν,
438 1639 505 1666 ἀλλὰ
528 1642 638 1676 νοητήν.
671 1643 744 1670 Ἐπεὶ
769 1644 797 1671 δὲ
820 1646 871 1681 ἐμὲ

86 1683 280 1717 προσποιεῖσθε
297 1683 335 1719 μὴ
348 1685 458 1716 ειδέναι,
475 1685 629 1719 ἀκολούθως
644 1688 691 1714 καὶ
705 1689 751 1716 τὸν
762 1691 871 1726 Πατέρα

87 1737 139 1763 μου
153 1730 346 1763 προσποιεῖσθε
364 1731 402 1766 μὴ
422 1732 534 1760 εἰδέναι.

123 1775 217 1801 Ταῦτα
227 1775 482 1812 -τ-αζοφυλιικίῳ.
491 1778 583 1806 Ταῦτα
592 1781 625 1807 τὰ
635 1781 869 1818 παρρησιαστιχά.

95 1820 296 1857 Επεσημήνατο
312 1823 366 1858 γὰρ
380 1824 425 1850 τὸν
440 1824 531 1858 τόπον,
547 1826 678 1852 δεικνύων
698 1826 747 1861 τὴν
765 1828 871 1863 παρρη-

87 1868 147 1894 σίαν
159 1868 206 1894 τοῦ
222 1869 393 1896 διδασκάλου.
415 1871 618 1906 Γαζοφυλάκιον
632 1873 670 1905 δὲ,
684 1874 715 1899 τὸ
733 1873 871 1909 Gnaeum-

86 1913 229 1948 φυλάκων,
243 1915 308 1949 περὶ
324 1912 354 1942 οὗ
368 1916 536 1952 πλατύτερον
549 1918 577 1944 ὲν
599 1918 637 1953 τῷ
658 1920 870 1956 τεσσαρακοστῷ

86 1959 187 1995 πρώτῳ
199 1960 338 1994 κεφαλαίῳ
345 1961 392 1988 τοῦ
407 1963 480 1989 κατὰ
493 1963 606 1998 Μάρκον
617 1965 780 2000 εξρήκαμεν.

121 2050 275 2078 Διδάσκων
296 2051 332 2078 ἐν
346 2051 387 2084 τῷ
410 2052 486 2086 ἱερῷ.
502 2054 623 2089 Δημοσίᾳ
635 2061 644 2070 ·
659 2054 688 2080 ἐν
703 2053 792 2090 τούτῳ
814 2055 870 2091 γὰρ

85 2094 119 2132 ἧν
131 2098 178 2123 καὶ
190 2097 220 2123 τὸ
234 2096 446 2132 γαζοφυλάκιον.

120 2143 176 2169 Καὶ
187 2157 222 2162 —
234 2144 336 2171 αὐτόν.
353 2143 431 2171 Οὕτω
442 2144 708 2181 παρρησιαζόμενον.

925 1591 982 1618 sive
995 1591 1133 1626 cognovit,
1151 1592 1295 1620 intellexit.
1312 1593 1378 1620 Nam
1393 1593 1523 1622 visionem
1539 1599 1566 1621 et
1576 1596 1712 1630 cognitiu-

925 1644 987 1663 nem
1011 1637 1076 1663 dicit
1106 1645 1159 1664 non
1176 1637 1343 1670 sensibilem,
1360 1638 1407 1665 sed
1424 1638 1631 1673 intelligibilem.
1658 1641 1711 1667 διὰ

925 1683 988 1717 quia
1004 1690 1048 1709 me
1063 1690 1117 1709 non
1132 1691 1214 1711 nosse
1228 1692 1276 1710 vos
1288 1684 1432 1718 simulatis,
1448 1692 1617 1720 consequens
1629 1687 1710 1714 etiam

925 1732 967 1754 est
983 1732 1012 1754 ut
1028 1732 1053 1754 ct
1072 1728 1179 1755 l’atrcm
1194 1737 1284 1756 meum
1301 1737 1350 1757 vos
1365 1738 1420 1757 non
1445 1738 1525 1758 nosse
1537 1731 1657 1766 litigatis.

961 1773 1040 1801 Vcrs.
1058 1774 1103 1801 20.
1122 1774 1184 1801 Ha’c
1195 1789 1229 1795 —
1241 1776 1442 1811 gazophylacio.
1460 1776 1522 1804 llznc
1538 1778 1619 1804 verba
1643 1778 1710 1805 libc-

925 1827 955 1846 re
997 1819 1078 1847 dicta.
1110 1819 1276 1855 Signiﬁcavit
1309 1825 1399 1848 autem
1425 1822 1524 1855 locum,
1563 1824 1710 1851 ostendens

925 1865 1033 1892 dicendi
1067 1866 1223 1893 libertatem
1258 1866 1345 1901 ipsius
1392 1868 1521 1895 doctoris.
1566 1868 1708 1906 Gazophy-

924 1911 1022 1938 lacinm
1038 1919 1103 1938 vero
1120 1911 1242 1938 thesauri
1277 1913 1469 1946 repositorium
1501 1919 1570 1946 erat,
1595 1915 1628 1942 de
1655 1923 1709 1949 quo

925 1957 1005 1984 latius
1021 1957 1138 1985 diximus
1153 1958 1360 1993 quadragesimo
1387 1959 1473 1991 primo
1486 1960 1564 1993 juxta
1588 1960 1707 1988 Marcum

925 2003 1024 2038 capite.

960 2049 1037 2077 Vers.
1051 2049 1096 2077 ΞΟ.
1109 2049 1209 2076 Docens
1219 2050 1245 2075 in
1257 2049 1363 2084 templo.
1377 2049 1488 2078 Publice
1501 2059 1509 2084 ;
1521 2058 1585 2078 nam
1597 2051 1623 2078 in
1639 2057 1708 2079 teni-

923 2096 968 2132 plo
983 2096 1064 2123 etiam
1081 2100 1140 2123 erat
1154 2096 1389 2131 gazophylacium.

958 2142 1036 2170 νει-ε.
1051 2142 1096 2170 b20.
1111 2142 1145 2168 Et
1165 2156 1200 2161 —
1225 2150 1294 2169 eum.
1323 2142 1392 2170 Cum
1416 2142 1453 2170 ita
1476 2142 1562 2171 libere
1578 2144 1706 2179 loquere-

925 2195 978 2218 tur.
1173 2199 1175 2201 ’

122 2237 227 2263 Ὅτι-
240 2237 344 2264 αὐτοῦ.
361 2237 394 2263 Ἦ
406 2236 452 2264 τοῦ
471 2237 654 2273 συλληφθῆναι
665 2239 712 2266 καὶ
722 2239 868 2275 ἀναιρεθῆ-

959 2235 1038 2263 Vers.
1069 2234 1113 2262 20.
1137 2233 1205 2267 Quia
1225 2249 1260 2254 -
1283 2234 1350 2269 ejus.
1379 2235 1437 2268 Qua
1465 2237 1661 2272 comprehendi
1679 2241 1708 2265 ct

85 2290 129 2308 ναι
143 2282 234 2308 αὐτόν.
251 2282 326 2308 Ἔδει
338 2281 393 2318 γὰρ
404 2282 498 2309 τοῦτον
510 2282 551 2310 ἔτι
562 2284 807 2320 θαυματουργῆσαι
821 2287 869 2313 καὶ

85 2328 189 2360 διδάξαι
209 2329 256 2354 καὶ
282 2328 395 2360 πολλοὺς
417 2328 457 2360 εἰς
475 2329 568 2356 πίστιν
595 2331 808 2364 ἐπισπάσασθαι,
831 2332 870 2363 ὡς

85 2377 132 2402 καὶ
147 2375 328 2409 προλαϐόντες
342 2375 503 2411 εἰρήκαμεν.
517 2376 641 2411 Συνεχῶς
651 2376 680 2402 δὲ
693 2376 772 2404 τοῦτο
783 2378 867 2412 λέγει,

85 2419 193 2451 δεικνὺς
217 2421 257 2446 ὅτι
277 2420 405 2453 πολλάκις
422 2421 648 2457 ἐπιχειρήσαντες
667 2422 716 2449 οὐκ
733 2423 867 2458 ὴδυνήῠη-

87 2474 148 2497 σαν,
176 2466 223 2492 καὶ
245 2465 285 2492 ὅτι
309 2467 362 2493 οὐδ’
387 2467 500 2504 ὕστερον
526 2469 683 2504 ἐκράτησαν
710 2469 744 2496 ἂν
774 2470 864 2504 αὑτὸν,

87 2511 111 2537 εἰ
130 2511 166 2546 μὴ
181 2511 234 2546 (57)
251 2511 330 2543 αὐτὸς
342 2512 484 2548 ἠθέλησεν.

139 2641 162 2657 ⁸³
179 2639 231 2667 lsa.
250 2648 324 2673 XLII,
352 2640 378 2668 6.
443 2641 467 2657 ”
483 2640 560 2669 Joan.
577 2651 602 2675 v,
620 2642 665 2669 57.

922 2282 981 2316 capi
998 2286 1101 2317 posset.
1117 2281 1214 2308 Adhuc
1227 2279 1300 2308 enitn
1315 2282 1464 2316 oportebat
1483 2289 1546 2309 eum
1574 2283 1705 2310 miracula

922 2329 1029 2364 operari
1044 2336 1076 2355 ac
1108 2328 1215 2360 docere,
1247 2327 1400 2362 multosque
1411 2327 1443 2354 ad
1459 2327 1539 2355 ﬁdem
1557 2329 1706 2363 attrahere,

922 2376 993 2402 sicut
1007 2375 1032 2401 in
1060 2373 1277 2408 prtecedentibus
1308 2373 1436 2401 diximus.
1452 2373 1587 2402 Continue
1614 2379 1705 2402 autent

923 2422 974 2450 hoc
1005 2420 1079 2452 dicit,
1110 2410 1257 2447 ostendens
1280 2421 1353 2454 quod
1388 2420 1545 2455 frequenter
1585 2421 1610 2447 id
1647 2425 1706 2447 ten-

922 2472 1077 2496 tantesnon
1098 2469 1256 2501 potuerunt,
1283 2470 1310 2492 et
1338 2466 1410 2500 quod
1443 2473 1580 2501 nunquam
1608 2468 1704 2500 poten-

923 2515 1007 2542 tiores
1022 2513 1054 2540 ad
1067 2520 1127 2540 eum
1147 2511 1406 2546 apprehendendum
1424 2511 1549 2545 fuissent,
1578 2510 1629 2538 nisi
1647 2510 1703 2536 inse

923 2561 1064 2588 voluisset.

719 2642 742 2658 "
755 2643 832 2672 Joan.
849 2652 906 2676 xw,
916 2644 944 2672 9.

680 2721 779 2753 Varias
795 2721 947 2752 lectiones
964 2723 995 2751 et
1013 2724 1108 2751 notas.

125 2804 181 2838 (55)
198 2802 302 2829 Inclusa
319 2802 478 2831 exciderunt
489 2804 521 2830 A.

124 2839 181 2874 (54)
194 2839 278 2868 Αὐτὸς
294 2839 393 2865 omittit
408 2838 437 2865 Β.

125 2875 179 2907 (55)
191 2873 294 2901 Inclusa
310 2873 452 2907 absunt_A.

956 2803 1011 2838 (56)
1026 2804 1084 2830 Μου
1098 2802 1185 2838 ᾔδειτε
1201 2802 1244 2832 ἂν,
1263 2801 1369 2829 caneris
1383 2800 1490 2828 omissis
1510 2801 1542 2827 Λ.

957 2840 1012 2875 (57)
1029 2839 1083 2865 Καί
1096 2838 1243 2872 interponit
1258 2838 1290 2864 A.
