1919 3076
215 121 296 165 1237'

817 118 1007 151 EUTl—IYMII
1028 118 1210 148 ZlGABENI

1775 111 1848 143 1298

250 188 326 215 \'ers.
342 186 388 213 2i.
412 184 484 211 Dixit
499 198 534 203 -
555 181 632 208 vado.
648 179 770 206 Transeo
785 184 798 203 a
812 182 919 203 terrena
935 174 999 201 vita.

1089 172 1183 200 Εἶπεν
1217 188 1250 193 -
1279 170 1392 206 ὑπάγω.
1427 169 1593 197 Μεταϐαἰνω
1621 168 1675 196 ἀπὸ
1705 168 1754 202 τῆς
1783 168 1848 194 ἑπι-

249 280 326 308 Vers.
349 279 394 305 2i.
424 277 457 303 Et
478 274 598 311 quwretis
615 281 665 299 me.
688 271 776 298 Etiam
801 267 928 303 superius
954 266 1006 293 hoc

200 322 295 357 'dixit.
310 329 337 352 et
352 324 388 350 ibi
406 321 572 350 declaratum
590 323 642 345 est.

250 372 328 400 Vers.
343 370 387 397 2L
405 369 438 396 Et
458 383 493 388 -
512 365 670 393 moriemini.
692 364 747 398 Ego
762 361 836 394 veni,
857 364 886 387 ut
909 366 956 386 vos
972 357 1007 384 li-

216 419 341 445 berarem
365 415 399 442 ab
413 412 488 440 omni
510 415 622 447 peccato
639 414 730 437 vestro
753 418 759 435 :
783 406 847 442 quia
867 412 933 433 vero
956 411 1008 430 no-

218 463 322 493 luistis,
351 461 407 495 jam
434 459 515 491 abeo,
537 462 565 484 et
587 456 718 490 deinceps
742 454 771 481 in
798 452 873 480 omni
897 455 1009 486 peccato

217 513 310 536 vestro
322 505 487 536 moriemini,
503 504 575 539 quod
590 503 624 530 ab
634 509 665 529 eo
680 499 791 527 liberari
800 496 954 526 nolueritis.

257 597 400 625 Peccatum
421 600 512 622 autem
534 591 658 627 intelligo
676 591 759 618 etiam
785 590 811 618 id
823 589 897 625 quod
913 587 1010 615 adver-

219 653 266 672 sus
284 645 372 679 ipsum
394 648 462 675 erat,
481 642 544 677 quia
569 638 741 668 interfecturi
767 637 856 671 ipsum
875 639 965 667 erant,
982 633 1011 660 in

219 702 274 728 quo
298 693 397 720 mortui
414 696 488 724 sunt,
510 697 611 724 nempe
637 691 747 722 propter
774 683 840 712 illati
859 682 974 718 jugulati
994 688 1010 708 a

221 738 364 767 Romanis.
381 736 550 771 Vespasiano
566 739 593 761 et
607 733 679 760 Tito.

259 784 336 811 Vers.
353 783 398 810 21.
415 782 470 814 Quo
489 795 523 800 —-
548 779 646 806 venire.
682 777 743 804 lliee
760 777 918 810 frequenter
933 774 1010 806 dicit,

221 830 326 857 animus
347 829 455 855 iliorum
470 825 630 854 concutiens
645 828 672 850 et
689 827 841 850 exterrens.

258 876 335 903 Vers.
360 874 404 900 2‘2.
433 873 558 899 Dicebant
581 886 613 890 ——
633 869 744 896 venire?
764 867 840 900 Quod
869 866 1010 901 optabant,

222 921 274 948 hoc
291 921 371 947 etiam
388 919 607 953 suspicabantur.
620 915 690 948 Quid
703 922 769 948 ergo
780 912 920 940 Christus?
931 911 1013 938 Tollit

221 966 380 1002 hujusmodi
406 965 602 999 suspicionem,
618 961 792 994 ostenditque
818 959 892 993 quod
914 965 1013 993 pecca-

223 1017 282 1040 tum
299 1012 332 1038 sit
349 1019 378 1038 se
400 1011 487 1044 ipsum
501 1009 672 1036 interimere.

260 1058 339 1085 Vers.
355 1057 399 1083 25.
420 1056 452 1082 Et
464 1070 496 1076 —-
517 1055 587 1081 estis.
605 1068 638 1075 α-
650 1052 691 1079 Ea;
703 1056 785 1083 terra,
799 1058 855 1077 non
867 1049 939 1085 quod
952 1057 1014 1076 cor-

224 1111 275 1138 pus
306 1110 400 1129 eorum
433 1095 571 1126 terrenum
599 1101 681 1128 esset.
712 1096 759 1123 sed
783 1095 847 1130 quia
868 1092 1015 1129 prudentia

224 1149 334 1175 illorqu
350 1151 424 1173 esset
442 1151 550 1173 terrena
572 1149 598 1170 et
613 1150 705 1178 prava.
727 1141 795 1168 Nam
811 1145 839 1168 et
861 1139 962 1168 Paulus
975 1139 1017 1166 di-

226 1202 291 1221 cens
309 1203 315 1220 :
333 1192 394 1219 Non
410 1193 471 1218 estis
491 1199 521 1218 ca:
534 1197 615 1217 carne
637 1189 670 1222 ",
686 1195 795 1215 carnem
818 1185 936 1221 appellat
952 1193 1017 1220 pru-

226 1240 345 1267 dentiam
361 1238 509 1266 carnalem.

261 1284 340 1310 Vers.
354 1283 398 1309 25.
415 1282 471 1316 Ego
481 1296 513 1301 —-
526 1289 595 1308 sum.
611 1294 645 1301 —
661 1278 697 1305 De
709 1278 789 1311 mlo;
805 1284 859 1304 non
873 1275 945 1311 quod
960 1276 1018 1310 ipse

227 1330 262 1356 de
276 1329 345 1356 ccelo
360 1328 488 1358 venisset,
517 1326 564 1353 sed
585 1324 648 1360 quia
666 1323 809 1359 prudentia
824 1321 883 1356 ejus
898 1320 1018 1348 caelestis

227 1379 301 1402 esset
316 1382 346 1401 ac
361 1373 464 1400 divina.
486 1371 590 1398 Deinde
613 1376 768 1397 sermonem
784 1375 863 1395 suum
878 1366 1017 1400 explanat.

265 1421 344 1447 Vers.
358 1420 404 1446 25.
419 1419 465 1446 Vos
483 1433 517 1438 ——
533 1418 591 1444 hoc.
611 1416 741 1443 Mundutn
759 1415 805 1441 hic
820 1413 887 1441 dicit
900 1412 1017 1439 munda-

227 1474 302 1496 nam,
328 1473 437 1500 pravam
476 1472 507 1491 ae
523 1468 658 1490 terrenam
682 1460 866 1496 prudentiam.
881 1457 1019 1491 Quemad—

1057 220 1132 255 γείου
1151 219 1233 253 ζωῆς.

1091 266 1145 293 Καί
1178 264 1322 298 ζητήσετέ
1348 272 1396 298 με.
1425 264 1481 289 Καὶ
1510 262 1638 298 ἀνωτέρω
1667 261 1747 288 τοῦτο
1774 260 1848 293 εἷπε,

1058 312 1105 338 καὶ
1121 310 1283 346 ἠρμηνεύοτι
1300 310 1367 336 ἐκεῖ.

1095 356 1147 383 Καὶ
1161 370 1196 376 --
1212 354 1421 382 ἀποθανεῖσθε.
1441 351 1544 379 Ἦλθον
1569 350 1760 387 ἐλευθερώσων
1793 350 1851 386 (58)

1058 403 1130 437 ὑμᾶς
1147 401 1200 428 ἀπὸ
1215 401 1309 436 πάσης
1325 399 1465 435 ἁμαρτίας
1485 398 1562 433 ὑμῶν
1576 406 1583 413 ·
1602 398 1662 424 ἐπεὶ
1679 397 1707 423 δὲ
1721 397 1771 423 οὐκ
1784 396 1852 431 ὴθεο

1058 448 1171 483 λήσατε,
1189 447 1356 482 ἀπέρχομαι,
1379 446 1427 472 καὶ
1455 444 1548 471 λοιπὸν
1571 444 1600 470 ἐν
1628 443 1703 478 πάσῃ
1727 443 1855 478 ἁμαρτίᾳ

1061 493 1138 529 ὑμῶν
1172 491 1354 520 ἀποθανεῖσθε
1392 490 1431 525 μὴ
1463 489 1627 524 θελήσαντες
1659 487 1853 522 ἀπαλλαγῆναι

1061 540 1159 575 αὐτῆς.

1103 594 1256 630 ’Λμαρτίαν
1279 594 1308 621 δὲ
1335 593 1432 629 νόησον
1458 592 1506 619 καὶ
1529 591 1578 627 τὴν
1603 591 1644 623 είς
1672 589 1766 623 αὑτὸν,
1783 589 1854 616 διότι

1060 642 1174 678 ἔμελλον
1202 642 1306 669 ἀνελεῖν
1336 641 1428 674 αὑτὸν,
1459 641 1489 667 ἐν
1559 638 1707 670 ἀπέθανον,
1734 638 1795 673 ἦτοι
1818 635 1854 663 δι’

1062 690 1095 725 ἣν
1110 689 1321 723 κατεσφάγησαν
1339 687 1391 713 ὑπὸ
1407 687 1462 714 τῶν
1479 685 1634 721 Ῥωμαίων,
1645 682 1854 711 Οὐεσπασιανοῦ

1063 736 1111 762 καὶ
1125 735 1216 761 Τίτου.

1100 781 1197 807 Ὅπου
1207 795 1242 800 ~-
1251 780 1360 807 ἐλθεῖν.
1372 779 1496 814 Συνεχῶς
1508 777 1594 805 ταῦτα.
1602 777 1688 810 λέγει,
1697 774 1854 803 κατασείων

1064 826 1156 854 αὐτῶν
1169 827 1218 858 τὰς
1231 826 1320 862 ψυχὰς
1337 826 1385 853 καὶ
1399 824 1534 859 ἐκφοϐῶν.

1103 872 1228 906 Ἔλεγον
1241 887 1276 891 —
1293 870 1403 898 ἐλθεῖν.
1427 870 1459 896 '0
1476 868 1615 895 ἐϐούλοντο
1631 866 1711 894 τοῦτο
1725 865 1773 892 καὶ
1791 864 1858 892 ὑπὲ-

1064 917 1159 944 λαϐον.
1170 917 1202 943 Τί
1217 916 1263 943 οὖν
1277 916 1415 951 ὁΧριστός
1427 924 1434 950 ;
1454 916 1573 949 Ἀναιρεῐ
1587 914 1636 950 τὴν
1646 913 1773 946 τοιαύτην
1787 911 1859 938 ὑπό-

1065 963 1158 998 ληψιν,
1182 963 1230 990 καὶ
1251 961 1387 989 δείκνυσιν
1407 961 1448 988 ὅτι
1471 960 1593 996 ἁμαρτία
1615 959 1673 985 ἐστὶ
1695 958 1724 985 τὸ
1749 957 1857 985 ἀνελεῖν

1066 1010 1172 1037 ἑαυτόν.

1101 1055 1312 1082 Καὶ-ὲστέ.-
1322 1053 1438 1089 Ἐκξτῆς
1447 1053 1513 1088 τῆς,
1526 1053 1575 1087 οὐχ
1582 1052 1624 1079 ὃτι
1634 1051 1665 1078 τὸ
1676 1050 1755 1086 σῶμα
1764 1049 1858 1077 αὐτῶν

1067 1101 1099 1126 ἐκ
1116 1100 1164 1135 τῆς
1182 1100 1250 1135 γῆς,
1269 1100 1325 1126 ἀλλ’
1342 1100 1384 1126 ὅτι
1400 1098 1430 1125 τὺ
1448 1098 1576 1134 φρόνημα
1590 1096 1681 1123 αὐτῶν
1701 1095 1794 1130 γήϊνον
1809 1094 1860 1121 καὶ

1068 1146 1181 1181 φαῦλον.
1210 1146 1264 1172 Καὶ
1291 1146 1306 1172 6
1335 1145 1440 1177 Παῦλος
1468 1145 1535 1180 γὰρ,
1566 1142 1669 1177 λέγων·
1695 1142 1756 1168 Οὐκ
1786 1139 1859 1167 ἐστὲ

1068 1192 1102 1218 ἐν
1118 1191 1209 1225 σαρκί
1220 1198 1226 1206 '
1245 1191 1334 1226 σάρκα
1351 1191 1380 1217 τὸ
1394 1189 1527 1225 caput.be
1542 1188 1670 1223 φρόνημα
1685 1185 1771 1220 λέγει.

1111 1281 1399 1317 Ἕγὼ-εῑμί.-Ἐκ
1414 1279 1469 1307 τοῦ
1486 1278 1628 1314 οὐρανοῦ,
1644 1278 1694 1313 οὐχ
1705 1278 1746 1304 ὄτι
1762 1278 1794 1304 ὲκ
1811 1275 1860 1303 τοῦ

1069 1328 1186 1364 οὐρανοῦ
1201 1326 1285 1364 ἧκεν,
1307 1327 1364 1354 ἀλλ’
1381 1327 1421 1353 ὅτι
1435 1326 1465 1352 τὸ
1482 1326 1608 1360 φρόνημα
1625 1323 1709 1351 αὑτοῦ
1733 1322 1860 1358 οὐράνιον

1071 1375 1118 1401 καὶ
1132 1375 1213 1401 θεῖον.
1235 1372 1302 1400 Εἶτα
1319 1372 1463 1408 σαφηνίζει
1478 1372 1523 1398 τὸν
1538 1371 1626 1405 λόγον.

1114 1419 1262 1454 ’Υμεῖς-
1291 1420 1410 1446 τούτου,
1436 1418 1545 1450 Κόσμον
1577 1415 1692 1443 ἐνταῦθα
1715 1414 1786 1447 λέγει
1823 1411 1856 1438 τδ

1071 1465 1202 1501 κοσμικὺν
1215 1465 1261 1491 καὶ
1277 1464 1378 1499 φαῦλον
1403 1464 1449 1490 καὶ
1473 1464 1567 1498 γήϊνον
1590 1461 1724 1496 φρόνημα.
1750 1460 1860 1493 Ὠσπερ

229 1512 340 1540 modum
358 1512 431 1538 enim
458 1511 570 1545 spiritus
583 1509 694 1541 dicitur,
710 1505 859 1541 spiritualis
872 1503 1015 1539 sapientia.

1083 1513 1125 1547 ’ἀρ
1141 1512 1249 1547 πνεῦμα
1267 1511 1377 1545 λέγεται
1394 1511 1424 1537 τὸ
1452 1508 1636 1545 πνευματικὸν
1659 1509 1796 1543 φρόνημα,
1811 1506 1864 1532 Stat

229 1564 257 1586 et
272 1566 346 1590 caro,
360 1557 478 1585 carnalis
496 1566 502 1583 :
522 1556 558 1583 ita
576 1560 603 1582 et
623 1560 694 1581 terra
710 1560 742 1580 ac
766 1551 895 1583 mundus,
911 1554 1019 1576 terrena

230 1612 263 1631 ae
286 1605 435 1630 mundana.
452 1603 497 1628 Ait
517 1609 601 1635 ergo:
624 1601 679 1635 Ego
697 1606 753 1626 non
767 1598 838 1625 sicut
859 1603 909 1624 vos
932 1595 1020 1630 sapio,

232 1652 260 1675 ut
274 1656 316 1675 me
332 1648 420 1682 ipsum
434 1646 609 1673 interlieiam.

269 1693 348 1721 Vers.
367 1694 411 1720 2|.
426 1693 488 1719 Dixi
503 1707 538 1712 --
555 1691 654 1718 reatris.
669 1690 766 1718 Adhuc
781 1696 828 1717 eos
841 1690 961 1716 exterret
975 1694 1022 1715 vo-

232 1752 294 1779 lens
308 1751 488 1785 persuadere.

271 1798 349 1825 Vers.
366 1797 411 1823 “24.
433 1795 462 1823 Si
488 1796 557 1822 enim
580 1810 613 1816 ——
627 1794 730 1821 vestris.
755 1791 791 1826 Si;
806 1799 857 1818 non
881 1789 1022 1817 credideri-

233 1844 277 1875 tis,
305 1841 373 1877 quod
397 1850 443 1876 ego
469 1842 529 1875 sint,
558 1841 684 1867 videlicet
704 1838 829 1865 Christus
850 1836 935 1864 Filius
951 1833 1020 1869 tDei,

234 1888 385 1916 moriemini
413 1888 440 1913 in
466 1887 578 1921 peccatis
602 1886 705 1916 vestris,
721 1883 825 1912 detenti
838 1883 872 1909 ab
887 1882 938 1909 eis.
954 1880 1021 1907 Nam

234 1934 280 1968 qui
298 1942 352 1960 non
364 1933 521 1963 crediderit,
536 1937 564 1959 et
583 1939 632 1966 per
651 1930 818 1965 baptismum
834 1936 849 1955 a
868 1926 948 1954 sorde
957 1933 1021 1961 pee-

233 1980 288 2007 cati
309 1987 363 2006 non
380 1979 489 2006 ablutus
501 1977 592 2010 fuerit,
607 1977 720 2004 omnino
733 1976 759 2003 in
779 1975 824 2002 illa
837 1974 982 2005 morietur,
996 1976 1023 1998 et

234 2033 299 2054 cum
316 2033 346 2052 ea
362 2031 510 2059 resurgens
521 2023 598 2050 dabit
619 2030 724 2058 poenas.

270 2071 347 2098 Vers.
368 2070 413 2097 24.
444 2071 574 2096 Dixerunt
598 2083 634 2088 —
656 2068 704 2095 es?
733 2067 938 2095 Subsannanles
972 2065 1023 2094 hoc

235 2118 364 2146 dicebant
379 2125 409 2144 ac
423 2120 571 2144 tentantes.

270 2164 350 2191 Vers.
363 2163 408 2190 25.
425 2163 459 2189 Et
471 2177 506 2182 ——
516 2162 596 2189 vobis.
615 2161 770 2188 Defectivus
785 2164 828 2187 est
843 2166 934 2186 sermo
947 2159 1022 2193 juxta

237 2214 404 2236 consuetum
430 2208 557 2242 loquendi
574 2207 687 2234 modum
709 2207 758 2241 (It).
785 2205 850 2232 Tale
865 2210 908 2232 est
919 2189 1021 2238 autem,
1039 2189 1060 2217 θ

236 2262 269 2282 ac
284 2256 306 2282 si
322 2255 424 2282 diceret
442 2263 448 2281 :
465 2253 581 2281 Omnino
597 2252 765 2287 superﬂuum
788 2256 830 2278 est
848 2251 1024 2286 etiam,quod

237 2301 316 2328 vobis
341 2302 457 2334 loquar;
481 2308 544 2327 nam
566 2299 639 2327 omni
668 2305 795 2327 sermone
820 2297 922 2332 indigni
947 2297 1022 2329 estis,

238 2351 333 2381 utpote
350 2351 511 2373 tentatores.

222 2416 228 2420 .
275 2391 352 2420 Vers.
377 2392 423 2419 26.
442 2391 526 2418 Multa
548 2406 582 2411 ——
598 2391 726 2422 iudicare.
749 2389 831 2417 Multa
854 2390 886 2416 de
899 2389 974 2416 vobis
997 2389 1024 2416 in

237 2438 438 2466 accusationem
462 2437 554 2465 dicere
573 2445 692 2472 possem,
713 2441 741 2464 et
762 2436 885 2471 judicare
907 2435 940 2462 ad
973 2443 1023 2469 pu-

237 2484 381 2516 niendum;
392 2483 438 2510 sed
448 2491 522 2510 nunc
536 2483 610 2514 nolo,
624 2482 686 2517 quia
701 2489 751 2508 nec
767 2481 847 2508 Pater
863 2488 940 2507 meus
957 2480 1023 2507 vult.

237 2530 365 2558 Przedixit
378 2530 460 2562 enim,
473 2530 543 2565 quod
558 2537 613 2556 non
627 2528 733 2556 miserit
748 2527 820 2554 Deus
833 2527 930 2554 Filium
943 2535 1022 2554 suum

293 2620 316 2637 ⁵³
333 2620 413 2648 Rom.
432 2627 491 2650 vin.
504 2617 532 2645 9.

1073 1558 1140 1594 σὰρξ
1170 1558 1200 1585 τὸ
1225 1557 1372 1594 σαρκικόν·
1393 1555 1463 1582 οὕτω
1485 1556 1533 1582 καὶ
1556 1555 1591 1589 γῆ
1632 1554 1679 1580 καὶ
1704 1553 1806 1587 κόσμος
1831 1551 1864 1577 se

1072 1607 1166 1640 γήϊνον
1187 1604 1235 1631 καὶ
1250 1605 1392 1639 κοσμικόν.
1417 1604 1500 1638 Φησὶν
1513 1600 1559 1629 οὖν
1584 1602 1624 1627 ὅτι
1648 1599 1720 1634 Ἐγὼ
1741 1601 1792 1634 οὐχ
1824 1599 1863 1630 ὡς

1073 1651 1152 1686 ὑμεῖς
1169 1650 1272 1686 φρονῶ,
1289 1651 1333 1677 ἵνα
1350 1649 1502 1677 ἀποκτείνω
1517 1649 1645 1684 ἐμαυτόν.

1109 1694 1206 1724 Εἶπον
1221 1711 1256 1716 -—
1270 1694 1363 1731 ὑμῶν.
1380 1695 1441 1722 Ἔτι
1457 1694 1568 1729 ὲκφοῦεῐ
1585 1694 1681 1731 uincit;
1698 1693 1862 1729 βουλόμενος

1074 1744 1178 1771 πεῖσαι.

1108 1789 1172 1817 Κᾶν
1189 1788 1244 1824 (59)
1259 1803 1294 1809 -
1307 1786 1400 1823 ὑμῶν.
1411 1787 1478 1814 Ἐὰν
1493 1786 1536 1822 μὴ
1552 1786 1735 1819 πιστεύσητε
1748 1786 1795 1812 ὅτι
1805 1785 1863 1820 ἐγώ

1073 1836 1141 1871 ειμι,
1157 1835 1257 1871 δηλαδὴ
1271 1834 1284 1860 ό
1299 1833 1415 1869 Χριστὸς
1428 1834 1441 1860 ὁ
1457 1833 1520 1864 Υίὸς
1543 1833 1588 1859 τοῦ
1610 1833 1687 1868 Θεοῦ,
1704 1832 1864 1859 ἀποθανεῖ·

1074 1884 1129 1909 σθε
1144 1881 1179 1914 ἐν
1193 1881 1257 1914 ταῖς
1276 1881 1431 1915 ἁμαρτίαις
1448 1880 1542 1914 ὑμῶν,
1560 1879 1733 1914 συνελόμενοι
1756 1879 1862 1910 αὐταῖς.

1080 1929 1109 1956 '0
1124 1928 1179 1964 γὰρ
1196 1927 1233 1964 μὴ
1249 1926 1408 1958 πιστεύσας.
1423 1927 1469 1953 καὶ
1480 1926 1523 1952 διὰ
1540 1925 1729 1960 βαπτίσματος
1745 1925 1864 1951 ἀπολου-

1075 1974 1193 2009 σάμενος
1208 1975 1252 2000 τὸν
1269 1973 1354 2009 ῥύπον
1370 1972 1423 1999 τῶν
1439 1972 1582 2007 ἁμαρτιῶν
1593 1992 1600 2005 ,
1619 1972 1648 1998 ὲν
1662 1971 1737 2006 αὐτῷ
1752 1972 1863 2003 πάντως

1074 2021 1266 2053 ἀποθανεῖται,
1291 2019 1339 2047 καὶ
1358 2019 1415 2054 μετ’
1431 2018 1514 2046 αὐτοῦ
1536 2018 1654 2050 ἀναστὰς
1673 2018 1751 2053 δίκην
1768 2018 1863 2045 δώσει.

1112 2068 1240 2101 Ἔλεγον
1264 2080 1300 2086 -
1322 2065 1366 2099 si;
1382 2065 1560 2097 Φαυλίζοντες
1582 2065 1661 2092 τοῦτο
1687 2064 1792 2097 ελεγον,
1815 2064 1864 2090 καὶ

1076 2113 1262 2149 πειράζοντες.

1111 2159 1166 2186 Kal
1183 2174 1217 2180 —
1239 2159 1321 2193 ὑμῖν.
1341 2157 1527 2184 Ἐλλειπτικὺν
1546 2157 1577 2184 τὺ
1602 2157 1675 2192 ῥῆμα
1700 2156 1760 2182 κατ’
1785 2153 1863 2192 ἦθος.

1078 2206 1111 2234 "0
1131 2206 1158 2232 δὲ
1173 2205 1248 2240 λέγει
1262 2204 1382 2232 τοιοῦτόν
1397 2205 1454 2231 ἐστι
1465 2212 1473 2220 ·
1487 2204 1574 2235 "Oho;
1589 2203 1630 2230 ὅτι
1645 2204 1692 2230 καὶ
1709 2202 1784 2229 λαλῶ
1800 2203 1864 2237 ὑμῖν

1074 2252 1203 2287 περιττόν
1219 2252 1292 2278 ἐστιν
1303 2259 1310 2266 ·
1327 2250 1432 2284 ἀνάξιοι
1447 2249 1502 2285 γάρ
1517 2251 1580 2277 ἐστε
1597 2249 1696 2280 παντὸς
1712 2248 1811 2282 λόγου,
1828 2241 1864 2280 ὣς

1074 2298 1230 2332 πειρασταί.

1110 2383 1214 2410 Πολλὰ
1238 2398 1273 2404 —
1295 2384 1418 2417 κρίνειν.
1445 2382 1534 2410 Πολλὰ
1556 2382 1674 2417 δύναμαι
1698 2382 1767 2416 περὶ
1787 2383 1863 2415 υμῶν

1076 2429 1167 2455 λαλεῖν
1186 2430 1225 2459 εἰς
1242 2429 1424 2464 κατηγορίαν,
1443 2429 1489 2456 καὶ
1505 2428 1609 2463 κρίνειν
1626 2429 1667 2459 εἰς
1684 2428 1713 2454 τὸ
1731 2429 1864 2456 κολάπαυ

1076 2475 1133 2506 ἀλλ’
1147 2477 1177 2502 οὺ
1192 2477 1322 2511 βούλομαι
1334 2476 1393 2508 νῦν,
1405 2476 1475 2502 διότι
1487 2475 1547 2501 οὐδὲ
1563 2475 1577 2501 ὁ
1587 2474 1682 2509 Πατήρ
1700 2482 1750 2509 μου
1771 2474 1864 2509 βούλε-

1076 2534 1132 2553 ται.
1161 2525 1314 2561 Προείρηκε
1340 2523 1394 2558 γὰρ
1422 2523 1463 2550 ὅτι
1492 2522 1542 2549 οὐκ
1571 2521 1732 2550 ἀπέστειλεν
1759 2523 1775 2550 ὁ
1801 2522 1864 2554 Θεὸς

861 2660 957 2690 Variae
974 2658 1128 2690 lectiones
1149 2663 1179 2690 et
1200 2664 1294 2692 notae.

273 2729 329 2763 (38)
346 2727 545 2761 Ὲλευθερῶται
562 2726 592 2752 Δ.

276 2756 330 2800 ζ59)
350 2764 414 2790 Vide
443 2756 578 2789 variantes
609 2759 739 2787 lectiones
765 2758 845 2786 codd.
875 2757 1012 2792 Eutbymii
1028 2757 1054 2783 in
1070 2757 1161 2791 operis
1173 2756 1308 2791 principio
1325 2760 1443 2784 notatas.

278 2853 316 2889 (h)
328 2854 409 2882 Juxta
422 2854 580 2882 ——modum.
597 2853 627 2880 Et
643 2859 774 2887 moratus,
792 2840 853 2885 seu,
866 2851 911 2887 qui
926 2859 1016 2879 mores
1035 2851 1174 2886 exprimit.
1195 2850 1332 2887 lnterpres
1344 2851 1380 2879 ita
1394 2857 1426 2878 ac
1437 2850 1459 2879 si
1477 2850 1573 2892 legerit
1592 2850 1663 2878 κατὰ
1685 2850 1715 2877 τὸ
1732 2851 1807 2884 ἔθος.
