1911 3074
237 191 304 221 1363

854 192 1044 222 EUTHYMII
1065 193 1242 224 ZiGABENl

1803 196 1866 228 13H

234 251 288 272 tem
303 250 391 272 autem
407 245 486 272 tritici
500 245 619 280 intellige
633 245 698 272 nubi
710 245 913 278 corruptionem
927 245 1012 279 ipsius

1076 246 1166 273 πάντα
1182 247 1216 274 τὰ
1231 247 1306 281 ἔθνη,
1333 248 1380 274 καὶ
1400 248 1493 275 λοιπον
1511 250 1525 275 ὁ
1560 248 1676 280 θάνατος
1707 248 1793 275 αὑτοῦ
1812 250 1866 284 ζωὴ

234 291 336 318 Deinde
350 291 410 317 illos
421 298 528 325 quoque
541 290 676 323 accendit,
691 296 720 318 ut
732 295 846 318 mortem
860 291 1021 325 despiciant,

233 343 283 363 nec
304 337 330 364 in
348 336 493 371 propositis
520 336 649 370 periculis
669 336 819 364 retinendae
845 336 906 363 vita:
931 337 1020 372 cupidi

232 380 297 412 sint,
312 387 393 415 supra
411 380 501 411 ﬁdem,
519 387 577 414 quae
597 380 623 406 in
640 380 728 415 ipsum
743 385 794 407 cst.

267 482 343 509 Vers.
359 482 407 510 25.
429 482 481 515 Qui
497 498 532 502 —
548 491 617 510 eam.
633 482 684 516 Qui
702 488 824 518 tempore
839 485 963 519 martyrii
981 485 1021 511 vi-

229 533 262 553 1111
279 529 427 555 retinendae
448 528 565 563 cupidus
583 533 634 561 est,
662 528 815 564 abaequens
843 529 940 556 animm
964 537 1019 556 sua:

230 573 290 606 plus
303 581 384 607 quam
402 579 635 609 oporteat,amans
652 583 710 602 eam
737 575 806 602 male
823 575 1021 610 concupiscen-

231 624 296 646 tem:
329 618 370 646 Ne
397 621 541 655 gradiaris,
558 621 605 652 ait,
634 621 662 648 in
679 622 893 656 concupiscentiis
923 621 1019 649 animw

231 671 284 693 tua:
301 666 333 693 δι’.
351 666 401 699 Qui
416 671 490 694 amat
506 674 565 694 eam
581 675 663 702 supra
682 666 778 699 Deum,
797 668 892 702 perdet
909 675 968 694 eam
992 668 1018 694 in

230 708 321 736 l‘uturo
344 709 456 740 saeculo.
478 710 530 737 hoc
552 715 596 738 est
622 711 650 738 in
679 711 844 746 supplicium
867 711 1004 746 conjiciet,

229 757 258 779 ut
272 752 319 787 qui
336 752 415 780 ﬁdem
433 753 594 788 prodiderit.

187 790 194 797 ’
271 796 399 825 νει-535.
419 797 486 824 Et—
501 807 569 826 eam.
588 798 639 832 Qui
662 800 829 827 contrarium
856 799 920 827 facit
933 820 940 831 ,
965 801 1018 827 hoc

226 847 276 874 est,
291 843 335 877 qui
359 843 509 870 retinendae
528 845 589 871 vita:
610 852 665 871 non
692 844 775 873 nimis
789 845 905 880 cupidus
922 850 974 878 est,
990 850 1018 872 et

227 892 333 916 caetera.
350 888 454 916 Simllia
467 896 575 924 quoque
590 889 743 925 dixitjuxta
759 889 840 918 linem
855 890 953 918 devimi
967 898 1017 917 no-

226 934 254 961 ni
278 934 354 968 juxta
372 935 529 963 Matthaum
556 937 665 972 capitis,
686 941 713 964 et
724 937 786 966 aliis
803 937 830 965 in
848 937 925 965 locis.

261 980 337 1007 Vcrs.
356 981 402 1008 26.
418 981 448 1009 Si
463 997 497 1002 —
510 988 647 1017 sequatur.
663 982 705 1011 Me
727 987 866 1018 sequatur,
890 991 940 1019 per
955 984 1016 1011 imi-

225 1026 367 1060 tationem,
382 1027 433 1055 hoc
448 1031 501 1061 est,
516 1028 538 1055 si
557 1028 617 1064 quis
635 1037 711 1057 meus
730 1029 847 1057 voluerit
858 1037 919 1057 esse
935 1030 1016 1057 disci-

226 1071 317 1106 pulus,
339 1080 383 1100 me
401 1073 531 1101 imitetur.
555 1074 787 1108 Quemadmodum
808 1076 880 1103 enim
902 1083 1015 1103 necesse

225 1121 265 1142 νει
279 1115 435 1144 ministrum
453 1117 529 1152 sequi
548 1117 699 1151 dominum,
719 1118 755 1145 ita
768 1126 876 1154 quoque
893 1119 1014 1155 discipu-

224 1161 280 1188 lum
294 1166 402 1196 oportet
416 1163 493 1198 sequi
505 1168 711 1198 praeceptorem.

260 1204 338 1234 Vers.
355 1206 400 1234 ‘26.
417 1206 452 1234 Et
475 1222 509 1228 -—-
524 1208 585 1235 erit.
608 1208 662 1235 Aut
690 1209 759 1235 idem
787 1215 895 1236 rursum
924 1212 1015 1244 prote-

223 1256 299 1279 stuns
314 1252 389 1286 dicit,
405 1257 463 1286 aut,
476 1257 618 1288 postquam
630 1254 663 1282 de
680 1254 806 1289 praesenti
824 1254 955 1282 malorum
970 1260 1013 1282 to-

225 1298 337 1326 lerantia
362 1299 439 1332 dixit,
463 1298 498 1327 de
522 1299 612 1327 futura
633 1301 716 1328 etiam
742 1300 847 1328 addidit
868 1300 1012 1328 fruitione:

223 1344 274 1376 Qui
290 1351 333 1371 me
353 1345 476 1380 sequitur
491 1346 517 1372 in
533 1347 633 1374 cuzlum
653 1347 827 1374 conscendet.

258 1389 336 1418 Vere.
352 1390 501 1418 26.!51—
531 1392 620 1420 I'ater.
648 1393 814 1421 Gloriticabit
840 1401 914 1427 eum,
951 1399 1012 1422 tan-

222 1443 303 1470 quam
317 1437 473 1465 ministrum
489 1438 598 1474 legitimi
618 1439 675 1466 Filii
687 1439 740 1468 sui.
755 1439 810 1467 lloc
826 1445 915 1467 autem
932 1441 1010 1474 dixit,

222 1482 349 1516 quoniam
368 1483 458 1511 adhuc
474 1483 579 1512 Patrem
601 1493 661 1512 esse
679 1487 806 1521 majorem
819 1493 852 1513 eo
869 1486 1010 1521 putabant.

224 1528 262 1555 Ne
277 1529 338 1563 quis
352 1535 442 1557 autem
458 1531 541 1563 dicat,
557 1532 628 1566 quod
644 1532 722 1559 facile
736 1532 770 1559 de
783 1537 870 1559 morte
890 1533 1010 1567 philoso-

224 1574 334 1607 phatur,
355 1580 384 1602 ut
405 1577 449 1610 qui
466 1583 540 1604 extra
567 1578 713 1604 humanam
732 1578 767 1604 sit
784 1578 1009 1609 imbecillitatem,
1024 1596 1045 1625 ϐ

224 1620 351 1652 ostendit,
367 1622 438 1655 quod
453 1626 481 1649 et
498 1623 565 1657 ipso,
585 1628 713 1656 tanquam
732 1624 823 1655 homo,
841 1624 952 1651 indutus
965 1629 1008 1651 est

226 1669 329 1692 natura:
341 1665 509 1700 inﬁrmitate,
526 1668 587 1696 ideo
605 1669 690 1703 primo
708 1675 813 1697 natura:
829 1671 962 1703 concedit,
981 1675 1011 1698 ut

224 1712 296 1745 quod
308 1719 385 1740 suum
401 1718 442 1741 est
458 1714 586 1749 patiatur.
599 1715 696 1743 deinde
710 1717 830 1751 seipsum
843 1717 876 1744 ad
892 1717 1011 1744 toleran-

228 1758 292 1785 tiam
307 1759 451 1793 confortat,
470 1766 581 1796 propter
595 1761 620 1788 id
636 1762 708 1797 quod
726 1763 911 1791 necessarium
928 1769 967 1791 est
979 1771 1010 1791 ac

224 1805 301 1832 utile.
319 1805 386 1833 Vide
400 1807 472 1834 enim
485 1807 549 1841 quid
570 1807 642 1835 dicat
655 1817 662 1836 :

258 1851 335 1880 Vers.
352 1853 398 1887 27,
420 1853 498 1881 Nunc
518 1868 553 1874 ——
574 1855 681 1882 turbata
707 1861 755 1882 eu.
777 1854 903 1883 llumauo
929 1855 1010 1883 modo

225 1902 361 1925 commota
382 1905 483 1933 angore
498 1899 613 1934 trepidat
635 1905 744 1936 propter
768 1900 916 1928 instantem
937 1909 1010 1928 mor-

221 1947 275 1970 tem
280 1963 287 1970 .

258 1989 335 2018 Vers.
353 1990 397 2017 27.
420 1989 454 2018 Et
471 1992 533 2026 quid
553 1993 661 2021 dicam?
677 1993 765 2020 Haeret
782 2001 837 2028 prae
853 1994 959 2022 timore.

260 2035 338 2065 Vers.
349 2037 394 2065 27.
406 2037 489 2065 Pater
497 2052 530 2058 ——
542 2039 601 2066 hac.
618 2039 713 2067 Libera
728 2047 771 2067 me
781 2047 813 2066 ex
830 2039 883 2067 hoc
893 2039 1009 2067 terribili

222 2091 254 2110 ac
270 2083 380 2112 funesto
394 2088 526 2121 tempore.
539 2085 685 2120 Postquam
699 2086 766 2119 11100,
782 2090 813 2114 111
833 2087 1009 2120 bomo.dixit,

223 2132 341 2158 humana
364 2131 510 2161 formidine
524 2132 718 2166 circumdatus,
738 2134 856 2169 seipsum
875 2134 1010 2163 refocillat

221 2183 253 2204 ac
271 2176 405 2205 contonat
424 2178 529 2206 dicens:

256 2223 334 2251 Vers.
349 2223 395 2251 27.
414 2224 466 2252 Sed
483 2240 519 2245 —
534 2225 612 2253 lianc.
639 2225 784 2261 Propterea
809 2231 931 2256 servatus
946 2235 1007 2256 sum

1077 292 1132 319 τῶν
1149 293 1245 321 ὲθνῶν.
1259 293 1381 320 Θάνατον
1394 294 1422 320 δὲ
1442 294 1516 321 σίτου
1548 295 1603 321 νόει
1633 303 1678 329 μοι
1692 294 1742 329 τὴν
1762 295 1864 329 φθορὰν

1076 340 1170 368 αὑτοῦ.
1185 338 1253 367 Εἶτα
1269 340 1424 375 παραθήγει
1438 341 1485 367 καὶ
1499 341 1599 371 αὐτοὺς
1619 341 1665 367 ἐπὶ
1678 341 1709 367 τὸ
1722 350 1859 376 καταφρο

1076 386 1132 412 νεῖν
1147 386 1193 414 τοῦ
1210 386 1338 417 θανάτου,
1353 386 1402 412 καὶ
1419 386 1456 421 μὴ
1470 386 1627 421 φιλοψυχεῖν
1642 387 1736 417 ἐντοῖς
1750 394 1863 421 προκει-

1079 433 1170 467 μένοις
1188 432 1323 464 κινδύνοις
1336 432 1407 467 ὑπὲρ
1424 432 1474 466 τῆς
1487 433 1528 462 εἰς
1548 431 1631 458 αὐτὸν
1647 432 1777 464 πίστεως.

1116 480 1193 506 '0—
1209 479 1316 512 αὐτὴν.
1337 479 1365 505 '0
1391 478 1546 513 ᾳιλοῷυχῶν
1564 479 1592 504 ὲν
1614 477 1703 512 καιρῷ
1720 478 1774 512 (68)
1793 487 1848 513 μαρ

1074 523 1179 557 τυρίου,
1195 524 1209 549 ὁ
1226 521 1408 557 χαριζόμενος
1420 523 1453 557 τῇ
1468 521 1542 556 ψυχῇ
1557 521 1633 556 παρᾶ
1645 522 1676 548 τὸ
1689 522 1760 554 δέον,
1785 524 1799 548 ὁ
1819 532 1861 556 φι-

1074 568 1128 595 λῶν
1141 568 1226 603 αὺτὴν
1243 566 1432 602 ἐπιθυμοῦσαν
1448 566 1542 598 κακῶς
1555 574 1561 581 ·
1577 566 1626 601 Μὴ
1650 567 1780 600 πορεύου
1807 568 1860 602 (69)

1073 614 1138 648 γὰρ,
1155 612 1248 648 φησὶν,
1260 613 1294 639 ἐν
1306 611 1371 644 ταῖς
1388 611 1556 646 ἐπιθυμίαις
1568 610 1623 644 τῆς
1643 611 1748 645 ψυχῆς
1759 619 1830 638 σου·
1846 613 1859 637 ὁ

1073 658 1159 693 φιλῶν
1172 658 1256 691 αὐτὴν
1268 657 1345 692 παρὰ
1369 656 1415 683 τὸν
1435 656 1503 682 Θεὸν
1527 656 1659 683 ἀπολέσει
1680 656 1766 691 αὐτὴν
1780 657 1810 682 ὲν
1822 655 1860 690 τῷ

1074 704 1197 739 μέλλοντι
1209 703 1297 735 αἰῶνι,
1314 702 1464 739 [τουτέστιν
1475 701 1543 735 (70),
1553 703 1593 733 εἰς
1607 702 1719 728 κόλασιν
1731 701 1858 736 ἐμϐαλεῖ,

1071 750 1110 781 ὡς
1124 748 1327 784 προδεδωκυῖαν
1340 747 1390 782 τὴν
1407 747 1523 783 nimum]

1106 794 1161 822 Kal
1180 810 1213 815 —
1225 795 1332 827 αὐτήν.
1355 794 1385 821 '0
1396 794 1551 820 τούναντίον
1570 794 1667 824 ποιῶν,
1691 793 1775 828 ἦγουν
1790 793 1804 819 ὁ
1821 793 1856 828 μὴ

1071 839 1238 875 φιλοψυχῶν,
1255 839 1345 866 καὶτὰ
1355 839 1430 874 ἑξῆς.
1441 840 1543 875 Εῐρηκε
1553 839 1582 866 δὲ
1594 839 1709 866 τοιαῦτα
1723 840 1772 865 καὶ
1789 839 1857 874 πρὸς

1071 886 1110 922 τῷ
1124 887 1196 913 τέλει
1213 885 1261 912 τοῦ
1276 885 1521 912 ἐννεακαιδέκατον
1535 885 1686 919 κεφαλαίου
1711 884 1758 911 τοῦ
1787 885 1857 911 κατὰ

1033 927 1052 954 Β
1068 932 1206 959 Ματθαῖον
1222 931 1282 968 [καὶ
1297 931 1352 966 (71)
1370 932 1398 958 ὲν
1414 931 1530 967 ἄλλοις]

1109 977 1176 1004 Ἐὰν
1195 993 1230 998 -
1250 978 1461 1005 ἀκολουθείτω.
1495 977 1573 1011 Ἐμοὶ
1603 974 1782 1003 ἀκολουθείτω
1807 974 1856 1001 διὰ

1051 1025 1223 1060 ’μμ-ήσεως,
1248 1025 1390 1051 τουτέστιν
1411 1024 1459 1050 ἐὰν
1486 1024 1549 1057 ἐμοὶ
1583 1021 1768 1058 μαθητεύηταί
1799 1029 1856 1052 τις,

1066 1071 1116 1106 ἐμὲ
1131 1071 1277 1106 μιμείσθω.
1296 1070 1403 1105 Ὥσπερ
1415 1070 1469 1105 γὰρ
1485 1070 1633 1103 ἀναγκαῖον
1648 1068 1693 1094 τὸν
1710 1066 1856 1101 ὑπηρέτην

1066 1117 1180 1144 ἕπεσθαι
1196 1116 1235 1152 τῷ
1255 1116 1353 1151 κυρίῳ,
1381 1115 1454 1142 οὕτω
1479 1116 1527 1141 καὶ
1545 1114 1591 1141 τδν
1616 1112 1742 1148 μαθητὴν
1755 1111 1795 1146 τῷ
1809 1111 1854 1137 δι-

1064 1163 1199 1198 ὄασκάλῳ.

1100 1209 1155 1237 Καὶ
1170 1224 1206 1229 —-—
1220 1209 1315 1236 ἔσται.
1333 1207 1367 1235 Ἦ
1384 1207 1466 1234 πάλιν
1482 1207 1513 1233 τὸ
1524 1205 1591 1233 αὐτὸ
1608 1205 1684 1238 λέγει
1700 1204 1854 1238 διαμαρτυ-

1066 1257 1189 1292 ρόμενος,
1210 1256 1225 1290 ἢ
1239 1256 1303 1290 περὶ
1314 1256 1364 1290 τῆς
1379 1254 1534 1289 ἐνεστώσης
1551 1252 1741 1282 κακοπαθείας
1752 1250 1852 1281 εἰπὼν,

1064 1301 1218 1337 προσέθηκε
1241 1302 1288 1328 καὶ
1302 1301 1366 1336 περὶ
1380 1301 1430 1335 τῆς
1451 1299 1601 1334 μελλούσης
1618 1297 1795 1327 ἀποῖαύσεως
1811 1296 1854 1322 ὅτι

1069 1348 1099 1374 ’0
1117 1348 1179 1382 ἐμοὶ
1190 1346 1346 1373 ἀκολουθῶν
1366 1347 1405 1376 εἰς
1419 1346 1465 1372 τὸν
1482 1345 1597 1379 οὐρανὸν
1609 1342 1792 1377 ἀναϐήσεται.

1098 1394 1152 1422 Kal
1165 1409 1199 1414 —
1213 1393 1324 1426 Πατήρ.
1342 1392 1455 1424 Δοξάσει
1476 1391 1566 1419 αὐτὴν,
1581 1390 1618 1421 ὡς
1644 1389 1787 1423 ὑπηρέτην
1801 1387 1851 1413 τοῦ

1062 1441 1176 1476 γνησίου
1189 1439 1254 1466 Υἱοῦ
1267 1439 1360 1465 αὐτοῦ.
1372 1438 1457 1464 Τοῦτο
1471 1437 1499 1464 δὲ
1510 1434 1580 1468 εἷπε,
1593 1436 1661 1462 διότι
1675 1435 1715 1460 ἑτι
1732 1434 1779 1460 τὸν
1793 1433 1851 1460 [Ια-

1061 1487 1128 1522 τέρα
1150 1486 1262 1521 μείζονα
1277 1484 1360 1511 αὐτοῦ
1387 1483 1522 1518 ἐνόμιζον.
1542 1483 1602 1508 Ὶνα
1619 1481 1648 1507 δὲ
1669 1480 1705 1515 μὴ
1725 1479 1794 1514 εἴπῃ
1807 1487 1849 1509 τίς

1062 1531 1194 1562 ὃτιὲκτδς
1221 1531 1270 1565 τῆς
1292 1529 1467 1564 ἀνθρωπίνης
1497 1527 1640 1557 ἀσθενείας
1671 1525 1707 1552 ὣν
1725 1524 1847 1555 εὐκόλως

1063 1577 1126 1612 περὶ
1141 1576 1259 1602 θανάτου
1285 1576 1438 1610 φιλοσοφεῖ,
1468 1574 1606 1600 δείκνυσιν
1625 1572 1668 1598 ὃτι
1688 1571 1737 1597 καὶ
1765 1570 1850 1601 aia-.91;

1061 1620 1097 1652 ῶς
1114 1619 1258 1654 ἄνθρωπος
1270 1619 1426 1653 περίκειται
1437 1618 1487 1653 τὴν
1503 1617 1644 1644 ἀσθένειαν
1660 1616 1708 1649 τῆς
1725 1615 1848 1649 φύσεως.

1061 1666 1107 1692 Διὸ
1140 1665 1249 1700 πρῶτον
1272 1665 1321 1700 μὲν
1340 1665 1478 1700 συγχωρεῖ
1504 1665 1538 1698 τῇ
1566 1662 1645 1698 φύσει
1672 1662 1792 1696 πάσχειν
1821 1660 1849 1686 τὸ

1062 1712 1138 1743 ίδιον,
1156 1710 1216 1738 εἶτα
1233 1710 1441 1746 παραθαρῤὐνει
1458 1710 1556 1736 ἑαυτὸν
1585 1710 1626 1740 εἰς
1648 1708 1678 1734 τὸ
1698 1707 1849 1740 ὑπομεῖναι

1060 1759 1104 1785 διὰ
1119 1758 1149 1785 τὸ
1165 1758 1311 1792 ἀναγκαῖον
1328 1757 1375 1784 καὶ
1387 1757 1533 1793 χρήσιμον.
1549 1757 1621 1791 Ὀρα
1640 1755 1694 1790 γὰρ
1710 1754 1736 1781 τί
1759 1760 1849 1788 gnat;

1096 1840 1162 1868 Νῦν
1177 1855 1212 1861 --
1230 1840 1416 1874 τετάρακται.
1444 1839 1636 1881 ’ᾼῄρωπίνως
1661 1836 1851 1873 τεθορύῦηται

1061 1886 1206 1922 ἀγωνιῶσα
1219 1886 1263 1914 διὰ
1275 1886 1320 1913 τὸν
1331 1886 1474 1921 ἐγγίζοντα
1490 1886 1615 1913 θάνατον.

1095 1993 1148 2020 Kal
1165 1992 1194 2019 τί
1209 1992 1299 2025 almo;
1324 1989 1523 2026 ’Λπορούμενος
1537 1988 1590 2016 ὑπὸ
1601 1988 1652 2024 τῆς
1662 1988 1797 2023 ἀγωνίας.

1096 2040 1191 2074 Πάτερ
1206 2056 1240 2061 --
1254 2040 1376 2072 ταύτης.
1401 2038 1495 2065 Ῥῦσαι
1509 2047 1543 2073 με
1557 2039 1589 2064 ἐκ
1608 2037 1655 2064 τοῦ
1671 2036 1772 2071 καιροῦ
1789 2037 1853 2063 τοὺ-

1059 2096 1118 2120 του,
1135 2086 1181 2114 τοῦ
1194 2086 1320 2122 φοϐεροῦ,
1331 2086 1377 2113 τοῦ
1390 2085 1595 2120 θανατηφόρου,
1609 2083 1702 2109 Ταῦτα
1713 2083 1805 2109 εἰπὼν
1816 2083 1852 2114 ὡς

1061 2133 1202 2170 ἄνθρωπος
1213 2133 1260 2160 καὶ
1273 2133 1312 2164 ὡς
1325 2131 1502 2167 ἀνθρωπίνην
1518 2131 1622 2157 δειλίαν
1638 2129 1850 2165 περιϐεϐλημέ·

1060 2188 1115 2212 νος,
1128 2178 1278 2205 ἀνακτᾶται
1293 2177 1391 2204 ἑαυτδν
1405 2176 1453 2203 καὶ
1464 2175 1647 2211 ὲπιρρωννύει
1662 2175 1753 2208 λέγων
1765 2183 1772 2189 ·

1101 2224 1191 2252 Ἀλλὰ
1209 2240 1241 2245 -
1252 2223 1376 2256 ταύτην.
1394 2222 1445 2249 Διὰ
1472 2222 1553 2247 τοῦτο
1570 2220 1708 2256 ἐτηρήθην
1726 2220 1782 2251 ἓως
1804 2220 1850 2246 τοῦ

222 2270 250 2296 111
270 2269 323 2297 1100
343 2274 459 2305 tempus,
474 2274 504 2298 ut
525 2278 599 2299 nunc
612 2279 744 2304 morerer;
763 2272 820 2307 jam
837 2272 929 2307 itaque
943 2272 1008 2300 viri-

1078 2273 1108 2300 ὗν
1119 2271 1216 2308 καιροῦ
1228 2271 1272 2298 διὰ
1295 2271 1325 2297 τὸ
1341 2265 1491 2297 ἀποθανεῖν
1517 2269 1546 2295 ὲν
1567 2268 1665 2302 τούτῳ,
1680 2267 1728 2293 καὶ
1753 2266 1850 2293 λοιπὲν

221 2315 283 2342 liter
302 2315 373 2343 ferre
387 2320 505 2350 oportet.
526 2316 631 2344 Relicta
649 2325 713 2353 ergo
732 2317 810 2346 nobis
828 2318 959 2346 naturalis
976 2318 1009 2345 li-

221 2361 306 2388 moris
319 2369 445 2388 mensura
469 2369 500 2389 ac
514 2361 681 2391 fortitudinis
706 2369 896 2397 monumento,
913 2371 1009 2391 rursus

221 2407 260 2434 ait
276 2417 284 2436 :

259 2454 335 2482 Vers.
350 2454 394 2482 98.
415 2454 494 2481 Parer
508 2469 544 2475 —-
558 2463 660 2482 nomen.
680 2455 758 2488 Quod
788 2455 859 2491 apud
883 2457 1009 2484 cmlestes

223 2501 338 2528 virtutes
376 2501 558 2536 gloriﬁcatum
594 2505 645 2534 cst,
677 2501 796 2536 glorilica
830 2502 912 2529 etiam
941 2502 1007 2530 illud

222 2555 312 2574 coram
341 2546 496 2574 lmminibus
528 2551 628 2574 terram
656 2547 854 2580 incolentibus,
887 2555 936 2583 per
963 2556 1005 2581 ea,

221 2602 282 2628 quae
297 2594 323 2620 in
341 2597 427 2620 morte
442 2601 501 2620 mea
519 2593 610 2621 futura
621 2598 684 2622 sunt
698 2594 786 2630 signa;
806 2595 923 2630 glorifica
942 2595 1007 2623 illud

224 2647 272 2673 per
286 2638 396 2674 gloriam
413 2639 531 2666 numinis
551 2640 614 2673 mei,
629 2639 763 2674 siquidem
785 2648 843 2667 mea
860 2640 943 2676 gloria
963 2646 1007 2668 tua

223 2691 273 2712 εει.

276 2744 299 2759 ¹⁴⁰
312 2744 393 2771 Eccli.
416 2753 490 2778 mn,
512 2746 545 2772 50

1059 2319 1112 2356 χρὴ
1127 2318 1220 2354 φέρειν
1234 2316 1379 2352 γενναίως.
1399 2315 1556 2342 ’Ᾱπολιπὼν
1581 2312 1628 2342 οὖν
1647 2315 1717 2349 ἡμῖν
1745 2314 1850 2349 μέτρον

1060 2366 1179 2401 φυσικῆς
1208 2363 1322 2395 δειλίας,
1338 2364 1386 2390 καὶ
1406 2361 1592 2397 ὑπογραμμὸν
1618 2359 1746 2395 ἀνδρίας,
1769 2361 1850 2387 πάλιν

1058 2413 1143 2447 λέγει·

1095 2459 1239 2490 Πάτερ-
1258 2457 1362 2492 ὄνομα.
1395 2454 1599 2490 Δεδοξασμένον
1627 2454 1656 2481 ὂν
1680 2456 1759 2489 παρὰ
1792 2457 1851 2486 ταῖς

1059 2505 1201 2542 οὐρανίαις
1229 2503 1370 2539 δυνάμεσι,
1391 2503 1504 2534 δόξασον
1528 2502 1595 2529 αὐτὸ
1614 2503 1661 2528 καὶ
1687 2502 1769 2536 παρὰ
1799 2505 1852 2533 τοῖς

1059 2553 1107 2579 ἐπὶ
1123 2552 1174 2587 γῆς
1187 2550 1342 2586 ἀνθρώποις
1356 2549 1400 2576 διὰ
1408 2549 1460 2575 τῶν
1475 2548 1625 2583 μελλόντων
1636 2549 1682 2575 ἐπὶ
1691 2548 1731 2583 τῷ
1740 2549 1851 2583 θανάτῳ

1062 2607 1113 2634 μου
1128 2596 1255 2630 γενέσθαι
1279 2596 1411 2631 σημείων.
1439 2594 1556 2627 Δόξασον
1573 2595 1639 2621 αὐτὸ
1655 2595 1701 2621 διὰ
1721 2596 1778 2631 τῆς
1807 2596 1849 2623 τοῦ

1060 2643 1127 2679 ἐμοῦ
1147 2643 1278 2678 ὀνόματος
1296 2641 1392 2676 δόξηςο
1409 2641 1554 2677 ἡγὰρὲμὴ
1571 2640 1634 2673 δόξα
1648 2641 1694 2677 σή.

827 2781 927 2811 Variw
947 2780 1098 2812 lectiones
1115 2782 1143 2810 et
1163 2782 1257 2810 uotae.

261 2862 483 2898 ((18)Μαρτυρίις
500 2865 527 2891 Β.

227 2896 521 2957 άυῧὶυὲιιηωιὶδδυδι.
540 2899 714 2927 111111010011111
732 2899 834 2928 laudat.
854 2904 874 2927 t.
897 2898 964 2931 \‘lll,
978 2907 1004 2934 p.

1098 2865 1152 2895 (70)
1168 2864 1273 2891 Inclusa
1292 2865 1391 2891 absunt
1405 2864 1435 2890 Λ.

1097 2900 1152 2934 (7|)
1171 2899 1387 2926 1110111ε111111511111
1407 2901 1437 2926 A.
