1911 3074
199 174 267 207 1361

809 176 1001 206 EUTHYMII
1020 176 1080 205 ZIG
1087 177 1199 206 ABENI

1758 180 1832 210 1368

198 229 249 258 sibi
264 229 417 256 concilians
439 237 471 257 ac
486 230 645 256 communia
663 229 753 257 omnia
780 230 939 263 ostendens,
957 235 981 258 cl

1042 231 1155 264 Πάντας
1176 232 1297 258 ἑλκύσω
1319 233 1393 266 πρές
1418 232 1567 267 ἐμαυτόν·
1598 233 1647 260 οὐκ
1668 234 1828 260 ὲνειντιολο-

197 275 379 311 aequalitatem
395 283 445 310 per
459 275 521 303 talia
536 275 736 303 demonstrans.

233 414 309 442 Vers.
322 414 366 442 3'5.
383 414 440 442 Hoc
450 431 484 434 —
495 420 559 442 esset
572 417 724 443 moriturus.
743 415 815 447 Hoc,
831 416 961 450 quidnam
974 416 985 442 ?

196 460 225 487 Si
238 460 371 488 exaltalus
389 462 473 496 fuero,
491 461 624 496 siquidem
637 462 834 489 exultationem
859 462 886 488 in
903 469 985 490 cruce

196 506 341 534 iunuebat.
496 507 499 510 ’

234 553 312 581 Vcrs.
326 554 370 581 δι.
384 554 523 588 Respondit
534 571 568 575 ——
579 555 714 583 hominis?
730 556 817 583 Etiam
830 556 874 582 hic
886 555 984 591 legem.

196 600 358 635 simpliciter
385 600 507 628 divinam
533 601 673 636 appellant
700 601 881 636 Scripturam.
906 602 984 634 Nam,

194 645 387 680 trequentibus
409 646 469 680 ejus
494 647 523 673 in
545 646 613 674 locis
629 647 820 675 immortalitas
835 647 987 675 divinitatis

195 691 299 719 Christi
324 692 494 727 signiﬁcatur
507 702 514 720 :
529 693 761 728 quemadmodum
776 693 858 720 etiam
883 698 986 721 morta-

196 739 259 766 litas
270 739 452 767 humanitatis
462 739 535 775 ejus.
550 745 577 768 et
590 740 708 768 maxime
722 741 749 768 in
770 740 886 768 Psalmis
907 741 985 769 Davi-

195 785 276 813 dicis.

231 831 266 859 Et
280 831 341 859 vide
369 832 493 860 dolosum
522 840 618 860 eorum
650 837 793 860 conatum.
820 832 888 861 Cum
911 833 984 861 enim

195 877 323 912 superius
338 878 371 905 de
386 883 474 905 morte
492 879 677 913 disputantem
693 879 836 906 audissent
849 887 881 907 ac
892 879 985 907 dicen-

1037 278 1105 312 τῶν,
1125 279 1192 305 ἀλλὰ
1211 278 1243 305 τὰ
1260 278 1306 305 τοῦ
1331 279 1437 313 ﬂat-pb;
1461 279 1657 314 οἰκειούμενος,
1676 281 1723 306 καὶ
1747 282 1830 307 κοινὰ

1037 326 1126 352 πάντα
1140 325 1284 358 δεικνύωνι
1295 325 1342 351 καὶ
1364 325 1393 351 τὸ
1409 325 1465 352 ἴσον
1484 326 1526 352 διὰ
1537 326 1590 352 τῶν
1608 327 1740 353 τοιούτων
1754 335 1828 361 παρ-

1038 373 1131 400 ιστῶν.

1074 420 1165 447 Τοῦτο
1177 435 1211 439 --
1221 419 1438 453 άποθνήσκειν.
1453 418 1550 447 Τοῦτ’),
1567 420 1643 444 ποῖον
1654 426 1661 451 ;
1677 419 1719 446 τὸ.
1732 418 1831 445 Ὅταν

1036 465 1146 500 ὑψωθῶ
1158 474 1164 480 ·
1179 465 1312 499 ὑπεδήλου
1324 465 1377 499 γὰρ
1391 466 1439 498 τὴν
1451 465 1497 490 ἐπὶ
1512 464 1558 490 τοῦ
1574 464 1692 498 σταυροῦ
1707 463 1829 500 ὕψωσεν.

1078 558 1236 591 Ἀπεκρίθη
1267 572 1302 576 —
1338 555 1517 590 dr‘ﬂptbfmv;
1559 554 1707 582 Κάνταῦθα
1741 555 1829 589 νόμον

1037 604 1161 637 λέγουσιν
1182 603 1274 633 ἁπλῶς
1295 603 1343 638 τὴν
1370 602 1444 629 θείαν
1463 602 1584 636 Γραφήν.
1610 601 1747 636 Πολλαχοῦ
1772 602 1830 634 γὰρ

1037 650 1120 685 αὐτῆς
1133 649 1162 676 τὸ
1175 649 1309 675 ἀθάνατον
1319 648 1369 683 τῆς
1381 648 1510 681 θεότητος
1525 647 1571 673 τοῦ
1585 648 1703 682 Χριστοῦ
1722 656 1754 681 ar,
1761 648 1829 681 μαξ-

1037 706 1123 729 νεται,
1149 696 1245 730 ὥσπερ
1271 695 1317 722 καὶ
1345 695 1377 722 τὺ
1402 694 1499 729 θνητὸν
1532 694 1582 729 τῆς
1612 693 1830 729 ὰνθρωπότητος

1037 742 1132 775 αὑτοῦ,
1145 744 1191 768 καὶ
1206 742 1306 777 μᾶλλον
1322 743 1350 768 ὲν
1367 742 1422 772 τοῖς
1437 742 1592 772 Δανῖτικοίς
1608 740 1744 775 Ψαλμοῖς.

1074 832 1146 867 ’Ὁρα
1164 831 1221 866 (75)
1236 831 1265 858 δὲ
1278 831 1458 866 κακουργίαν.
1484 829 1666 862 Ἀκούσαντες
1682 829 1737 864 γὰρ
1753 830 1828 856 ἀνω-

1036 878 1108 913 τέρω
1123 878 1188 913 περὶ
1207 877 1253 904 τοῦ
1270 877 1387 904 θανάτου
1406 876 1654 912 φιλοσοφήσαντος,
1674 877 1721 902 καὶ
1738 884 1828 910 προσ-

197 929 252 950 tem
270 931 277 950 :
293 922 400 957 Oportet
411 923 527 950 exaltari
545 923 644 951 Filium
656 925 769 952 hominis
780 925 804 940 “
819 926 981 960 (quanquam

1042 925 1129 956 θέντος
1157 925 1198 951 ὅτι
1223 924 1272 950 Δεῖ
1290 922 1447 958 ὑψωθῆναι
1470 922 1524 950 τὸν
1553 923 1622 949 Υὶὸν
1638 922 1689 949 τοῦ
1710 922 1827 956 ἀνθρώ-

196 968 249 995 hoc
263 969 426 1004 evangelista
454 977 509 996 non
530 970 686 997 addiderit:
705 971 838 1005 siquidem
858 972 940 998 variis
958 971 985 998 iu

195 1015 264 1042 locis
291 1014 344 1042 hoc
363 1015 402 1042 eis
415 1015 521 1042 locutus
537 1016 606 1051 est);
629 1024 691 1043 cum
708 1017 791 1044 etiam
812 1024 887 1044 nunc
907 1018 984 1045 addi-

195 1060 278 1092 derit,
294 1059 323 1088 Si
339 1060 474 1088 exallalus
491 1062 575 1097 fuero,
593 1063 800 1095 intellexerunt,
818 1064 891 1098 quod
906 1065 984 1091 exal-

196 1107 328 1134 tationem
343 1106 446 1134 diceret
475 1113 603 1140 mortem,
619 1108 682 1136 licet
696 1117 748 1136 non
765 1109 799 1137 de
815 1117 846 1136 ea
862 1118 922 1144 quae
936 1118 986 1145 per

195 1160 304 1180 crucem
318 1153 406 1184 ﬁeret,
424 1154 601 1188 conciperent
614 1163 621 1181 :
637 1159 665 1182 et
677 1154 741 1182 hinc
756 1155 902 1190 sperabant
919 1162 986 1183 eon-

194 1198 268 1226 vinci
293 1207 373 1233 posse
399 1199 489 1234 ipsum
517 1207 571 1227 non
588 1207 649 1227 esse
670 1199 832 1233 Christum,
854 1205 982 1235 tanquam

194 1245 317 1272 dicentes
331 1254 338 1272 :
353 1244 408 1272 Nos
423 1245 577 1273 audivimus
593 1253 624 1273 ex
648 1245 801 1281 Scriptura,
817 1247 888 1281 quod
902 1246 984 1274 Chri-

195 1298 239 1319 Ius
250 1299 303 1318 non
315 1291 464 1319 moriatur:
479 1295 506 1319 et
518 1293 654 1326 quomodo
666 1297 693 1319 tu
710 1292 787 1323 dicis.
805 1292 877 1326 quod
892 1293 983 1327 ipsum

195 1338 264 1364 mori
281 1339 433 1372 oporteat?
461 1338 575 1371 Deinde,
595 1347 630 1366 ne
657 1339 709 1366 hoc
726 1339 759 1366 de
775 1346 807 1366 eo
832 1339 925 1367 dicere
944 1340 983 1367 vi-

194 1385 322 1417 deantur,
338 1385 416 1413 aiunt
434 1395 439 1412 :

230 1431 310 1459 Vers.
329 1431 373 1460 54.
392 1432 457 1464 Quir
475 1448 509 1453 —--
533 1433 645 1461 hominis
657 1436 670 1462 .9
687 1435 793 1462 Etenim
819 1435 841 1462 si
857 1435 984 1462 Christus

194 1482 246 1512 est,
262 1486 317 1505 non
334 1478 451 1506 moritur
466 1488 474 1511 ;
488 1479 561 1514 quod
583 1480 605 1507 si
625 1481 753 1514 moritur,
770 1488 823 1508 non
846 1485 889 1507 est
904 1480 984 1508 Chri-

193 1528 263 1551 stus.
276 1523 369 1558 Atqui,
390 1531 406 1550 ο
422 1523 584 1552 dementes!
605 1525 703 1553 debilis
717 1529 759 1552 est
780 1525 848 1552 ratio
869 1529 958 1552 vestra
973 1533 981 1552 :

193 1577 257 1597 nam
270 1574 297 1597 et
313 1569 364 1597 hoc
379 1574 407 1597 et
423 1570 490 1598 illud
504 1578 598 1598 verum
610 1575 651 1598 est
667 1580 674 1598 :
690 1571 854 1604 immortalis
870 1571 981 1606 quidem

157 1617 163 1622 ‘
192 1619 235 1642 est
261 1614 415 1647 divinitate,
439 1615 562 1643 mortalis
593 1620 685 1643 autem
716 1616 897 1644 humanitate.
927 1617 981 1644 Sed

192 1661 319 1688 Christus
329 1669 403 1688 nunc
419 1669 473 1688 non
488 1661 591 1694 docuit.
608 1663 744 1698 quomodo
759 1663 923 1692 immortalis
935 1672 981 1692 es-

191 1711 244 1739 set,
262 1706 309 1733 sed
327 1707 463 1741 quomodo
477 1707 614 1741 mortalis;
636 1709 735 1743 sciens,
751 1717 799 1737 eos
821 1718 876 1737 non
889 1718 981 1738 susce-

191 1758 288 1787 pturos
305 1753 339 1781 de
354 1761 402 1780 sua
416 1753 620 1782 immortalitate
634 1763 802 1783 sermonem.

227 1799 376 1828 Considera
390 1808 521 1837 namque,
533 1802 616 1836 quod,
630 1810 691 1830 cum
706 1803 787 1830 etiam
802 1811 907 1837 vocem,
920 1812 980 1839 qua:

191 1846 226 1873 de
247 1846 317 1874 cmlo
335 1851 458 1880 venerat,
483 1839 819 1877 audissentatfdixisseut
838 1859 845 1877 :
864 1851 979 1886 Angelus

190 1893 215 1919 ei
230 1892 330 1920 locutus
350 1898 397 1927 est,
412 1893 500 1921 adhuc
517 1899 607 1922 tamen
626 1895 818 1929 malignantur.
837 1896 900 1924 Ideo
913 1897 980 1924 sim-

191 1939 302 1974 pliciter
316 1947 364 1967 eos
381 1940 521 1967 admonet.

226 1984 304 2013 Vers.
328 1985 373 2014 55.
398 1986 467 2013 Dicit
493 2003 527 2008 —-
544 1989 777 2023 comprehendant.
795 1988 896 2017 Lucem
912 1990 980 2017 dicit

189 2031 321 2067 seipsum.
338 2032 405 2059 Nam
435 2038 463 2060 et
486 2033 514 2060 in
529 2034 750 2068 praecedentibus
772 2035 899 2062 dicebat:
922 2036 978 2071 Ego

188 2084 246 2102 sum
263 2076 309 2103 (ua:
330 2076 433 2108 mundi,
448 2077 493 2112 qui
503 2078 621 2112 sequitur
641 2086 682 2105 me
697 2086 747 2105 non
762 2078 882 2106 ambulat
899 2079 926 2106 in
941 2084 979 2106 le-

188 2124 274 2152 uebris
287 2124 322 2150 ".
335 2123 469 2152 Modicum
487 2130 578 2153 autem
595 2131 702 2161 tempus
721 2126 747 2154 id
761 2126 836 2160 dicit,
857 2127 928 2162 quod
944 2128 977 2155 ad

187 2175 305 2199 mortem
331 2179 418 2207 usque
446 2172 549 2200 deerat.
579 2171 638 2200 Prae
665 2166 834 2200 humanitate
852 2181 917 2208 ergo
946 2181 978 2202 ac

187 2218 356 2253 benignitate
374 2223 540 2254 protestatur
555 2224 583 2247 et
599 2220 726 2247 admonet
747 2220 815 2251 illos,
834 2226 863 2247 ut
879 2221 906 2248 in
918 2221 978 2248 luce

1037 979 1112 999 που·
1124 972 1149 998 εἰ
1164 971 1212 998 καὶ
1221 971 1258 1006 μὴ
1270 969 1426 1005 προσέθηκε
1438 968 1518 995 τοῦτο
1529 968 1744 1002 ὸεὺαγγελιστής
1756 975 1763 981 ·
1775 969 1829 994 καὶ

1037 1019 1093 1054 γὰρ
1116 1018 1252 1053 διαφόρως
1277 1017 1354 1051 ἔλεγε
1376 1016 1456 1043 τοῦτο
1472 1016 1540 1050 πρὸς
1558 1015 1672 1046 αὐτούς·
1691 1015 1751 1041 ἐπεὶ
1770 1015 1822 1040 ιι).

1036 1066 1084 1093 νῦν
1109 1063 1185 1092 εἶπεν
1213 1064 1255 1090 δτι
1269 1063 1362 1090 ’Ὅταν
1382 1061 1502 1096 ὑψωθῶ,
1521 1060 1641 1096 συνῆκαν
1657 1061 1697 1087 ὅτι
1712 1060 1821 1094 ’ὑψωσιν

1043 1112 1089 1138 τὸν
1120 1110 1237 1138 θάνατον
1259 1109 1346 1144 λέγει,
1370 1109 1396 1136 εἰ
1423 1108 1470 1136 καὶ
1498 1108 1535 1144 μὴ
1562 1107 1611 1143 τὴν
1634 1107 1681 1134 ἐπὶ
1706 1106 1826 1141 σταυροῦ

1036 1158 1163 1192 ἐνόησαν,
1180 1157 1227 1184 καὶ
1244 1156 1451 1191 προσεδόκησαν
1468 1154 1594 1182 ἐντεῦθεν
1614 1154 1723 1187 ἐλέγξαι
1738 1153 1823 1180 αὐτον

1038 1206 1076 1241 μὴ
1089 1205 1153 1231 ὅντα
1173 1204 1300 1240 Χριστὸν,
1318 1203 1417 1230 ὡσανεὶ
1432 1203 1556 1236 λέγοντες
1567 1209 1574 1217 ·
1598 1201 1776 1235 Ἰ-Ικούσαμεν
1791 1201 1825 1226 ἐκ

1035 1251 1086 1285 τῆς
1100 1250 1211 1285 Γραφῆς
1231 1249 1272 1275 ὃτι
1285 1250 1299 1275 6
1309 1247 1426 1283 Χριστὸς
1441 1247 1492 1274 οὐκ
1503 1247 1681 1281 ἀποθνήσκει,
1697 1246 1743 1272 καὶ
1761 1246 1823 1276 πῶς

1037 1297 1069 1323 σὺ
1086 1296 1176 1330 λέγεις
1192 1295 1233 1322 ὃτι
1255 1294 1402 1321 ἀποθανεῖν
1423 1292 1480 1329 (Ἷϋ)
1500 1293 1552 1328 χρὴ
1573 1293 1672 1324 αῠτόν;
1689 1289 1767 1324 Εἶτα,
1782 1291 1829 1318 ἵνα.

1039 1343 1076 1378 μὴ
1095 1342 1193 1374 δόξωσι
1212 1342 1277 1377 περὶ
1293 1340 1377 1367 αὐτοῦ
1394 1340 1475 1367 τοῦτο
1491 1340 1594 1374 λέγειν,
1615 1338 1703 1373 φασί·

1074 1434 1121 1466 Τίς
1139 1447 1174 1452 --
1188 1430 1347 1466 ἀνθρώπου
1362 1439 1372 1463 ;
1391 1431 1422 1457 El
1438 1430 1488 1465 μὲν
1503 1429 1557 1465 γάρ
1572 1430 1648 1456 ἐστιν
1662 1430 1676 1456 6
1691 1429 1825 1465 Χριστὸς,

1042 1480 1094 1506 οὐκ
1117 1479 1304 1514 ἀποθνήσκει·
1330 1478 1354 1503 εἰ
1379 1476 1408 1503 δὲ
1430 1475 1610 1511 ἀποθνήσκει,
1631 1475 1682 1501 οὐκ
1709 1475 1784 1501 ἔστιν
1812 1475 1826 1500 ὁ

1035 1524 1164 1561 Χριστός.
1180 1524 1236 1551 Καὶ
1249 1523 1315 1558 μὴν,
1330 1522 1353 1548 ὣ
1365 1522 1473 1558 ἀνόητοι
1487 1521 1493 1548 1
1510 1521 1611 1556 σαθρὸς
1621 1521 1635 1547 6
1645 1521 1722 1554 λόγος
1733 1520 1825 1554 ὑμῶν·

1036 1572 1095 1598 ἐστι
1110 1571 1166 1606 γὰρ
1182 1571 1230 1597 καὶ
1243 1569 1323 1597 τοῦτο
1338 1569 1458 1600 κάκεῖνο,
1473 1567 1608 1598 ἀθάνατος
1626 1567 1674 1602 μὲν
1687 1568 1720 1602 τῇ
1740 1567 1825 1593 ἀθεό-

1035 1627 1108 1654 τητι,
1129 1617 1225 1652 θνητὸς
1257 1616 1285 1642 δὲ
1314 1617 1346 1650 τῇ
1360 1614 1562 1650 ἁνθρωπότητι.
1589 1614 1659 1640 Ἀλλ’
1677 1614 1691 1640 6
1706 1613 1826 1648 Χριστὸς

1035 1665 1085 1690 οὒκ
1107 1663 1212 1694 ἐδίδαξε
1242 1661 1290 1688 νῦν
1305 1661 1364 1692 πῶς
1385 1661 1434 1695 μέν
1454 1661 1530 1686 ἐστιν
1553 1660 1700 1691 ἀθάνατος,
1722 1660 1782 1691 πῶς
1796 1659 1825 1685 δὲ

1035 1709 1141 1745 θνητὸς,
1161 1708 1238 1740 εἰδὼς
1259 1708 1360 1739 αὐτοὺς
1375 1708 1406 1733 οὐ
1429 1706 1668 1742 παραδεξομένους
1689 1706 1736 1732 τὸν
1757 1707 1825 1740 περὶ

1034 1759 1084 1793 τῆς
1096 1757 1226 1792 θεότητος
1240 1755 1322 1783 αὐτοῦ
1339 1755 1430 1789 λόγον.

1070 1804 1169 1830 Σκόπει
1192 1802 1246 1837 γὰρ
1262 1802 1303 1828 ὅτι
1319 1802 1366 1828 καὶ
1387 1801 1440 1836 τὴν
1463 1800 1597 1827 ἐλθοῦσαν
1612 1799 1704 1834 φωνὴν
1719 1800 1753 1825 ἐκ
1774 1798 1822 1824 τοῦ

1034 1849 1150 1884 οὐρανοῦ
1176 1848 1382 1881 ὲνωτισθέντες,
1411 1848 1459 1875 καὶ
1483 1847 1607 1878 εἰπόντες
1635 1846 1677 1873 ὅτι
1703 1845 1823 1880 ἄγγελος

1033 1897 1107 1932 αὑτῴ
1130 1896 1290 1930 λελάληκεν,
1315 1895 1357 1922 ἔτι
1382 1894 1596 1930 πονηρεύονται.
1621 1893 1666 1920 Διὸ
1691 1892 1824 1927 παραινεί

1033 1941 1124 1973 αὐτοῖς
1141 1941 1245 1973 ἁπλῶς.

1071 1985 1163 2014 Εἶπεν
1177 1993 1210 2007 —‘—
1225 1985 1391 2019 καταλάὂῃ.
1407 1984 1466 2015 Φῶς
1481 1983 1579 2010 ἑαυτὸν
1592 1982 1675 2016 λέγει,
1694 1982 1751 2007 Καὶ
1765 1981 1823 2016 γὰρ

1033 2033 1081 2059 καὶ
1097 2032 1239 2068 προλαδὼν
1271 2032 1363 2065 ἔλεγεν
1375 2039 1382 2047 ·
1403 2030 1476 2065 Ἐγώ
1491 2031 1550 2064 ειμι
1570 2029 1603 2056 τὸ
1625 2028 1686 2063 φῶς
1699 2027 1754 2054 τοῦ
1772 2028 1824 2054 κό-

1032 2086 1122 2112 σμου,
1134 2080 1149 2105 ὀ
1161 2076 1336 2105 ἀκολουθῶν
1354 2076 1418 2111 ἐμοὶ
1431 2078 1467 2103 οὐ
1478 2076 1522 2111 μὴ
1535 2074 1724 2110 περιπατήσῃ
1736 2073 1771 2100 ἐν
1785 2073 1822 2107 τῇ

1032 2125 1148 2158 σκοτίᾳ.
1174 2124 1280 2159 Μικρὸν
1307 2123 1335 2149 δὲ
1362 2122 1460 2158 χρόνον
1496 2122 1566 2157 φησὶ
1603 2121 1650 2147 τὸν
1683 2120 1748 2155 ἄχρι
1774 2119 1823 2147 τοῦ

1033 2171 1150 2198 θανάτου
1166 2170 1259 2197 αὑτοῦ.
1281 2170 1350 2196 ’Υπὺ
1364 2168 1573 2204 φιλανθρωπίας
1590 2167 1680 2193 τοίνυν
1697 2166 1822 2201 διαμαρ-

1031 2217 1156 2252 τύρεται,
1175 2217 1222 2242 καὶ
1238 2216 1399 2250 κατεπείγει
1419 2215 1519 2246 αὐτοὺς
1541 2215 1580 2245 εἰς
1602 2214 1632 2240 τὸ
1656 2215 1823 2247 περιπατεῖν

189 2264 340 2296 ambulent,
359 2265 411 2292 hoe
426 2269 468 2293 est
479 2270 628 2300 sequantur
642 2273 704 2293 cum
716 2274 777 2293 cum
791 2266 895 2294 lumine
907 2274 977 2302 prte-

1042 2273 1060 2290 ην
1075 2263 1113 2298 τῷ
1131 2264 1212 2297 φωτὶ,
1227 2263 1312 2297 ἤγουν
1330 2261 1487 2289 ἀκολουθεῖν
1509 2260 1584 2296 αὐτῷ
1602 2259 1823 2294 φωταγωγοῦντι

188 2314 299 2337 euntem
315 2309 441 2344 viamque
455 2315 727 2343 commonstrantem,
745 2316 771 2338 et
791 2313 851 2346 ejus
864 2312 979 2339 credant

188 2355 372 2382 sermonibus.
397 2355 446 2382 Per
463 2356 591 2383 tenebras
607 2363 672 2383 vero
698 2364 820 2384 errorem
844 2357 975 2392 intelligo,

188 2409 243 2436 quo
260 2409 307 2429 eos
332 2402 502 2429 seduxerunt
526 2401 636 2429 illorum
658 2403 811 2438 pontiﬁces,
830 2408 974 2438 postquam

188 2448 328 2475 Christum
347 2448 555 2480 interfecerunt,
571 2448 737 2477 afﬁrmantes
755 2449 826 2484 quod
846 2449 976 2476 seductor

188 2495 297 2522 fuisset.

223 2542 415 2577 lntelliguntur
430 2549 539 2577 quoque
562 2541 724 2577 simpliciter
749 2542 879 2574 Tenebra',
898 2549 975 2568 error

187 2588 355 2621 Judaaorum,
375 2589 422 2624 qui
445 2589 614 2624 corporalem
642 2588 745 2616 cultum
762 2593 914 2620 servantes,
930 2597 974 2615 ar-

240 2693 264 2710 “
275 2692 353 2721 Joan.
366 2701 406 2725 ιιι,
422 2694 448 2727 8,
466 2703 522 2729 xtv,
535 2694 578 2723 ‘28.
638 2694 748 2722 u.loau.
763 2702 820 2727 νιυ,
839 2694 882 2721 l2.

1032 2311 1079 2337 καὶ
1096 2309 1246 2342 ίδηγοῦντι,
1263 2309 1311 2335 καὶ
1325 2307 1464 2334 πιστεύειν
1478 2308 1535 2338 τοῖς
1549 2307 1637 2340 λόγοις
1653 2305 1709 2341 (77)
1723 2305 1822 2333 αὑτοῦ.

1031 2356 1145 2383 Σκοτίαν
1158 2356 1187 2382 δὲ
1203 2355 1256 2382 νοῶ
1267 2355 1316 2391 τὴν
1331 2354 1444 2389 πλάνην,
1460 2354 1493 2388 ἢν
1508 2353 1665 2386 ἐπλάνησαν
1677 2352 1780 2382 αὐτοὺς
1797 2352 1822 2378 οἱ

1030 2404 1160 2439 ἄρχοντες
1177 2402 1266 2429 αὐτῶν
1284 2402 1353 2437 μετὰ
1368 2401 1397 2427 τὸ
1411 2400 1516 2427 ἀνελεῖν
1542 2400 1586 2426 τὸν
1602 2399 1732 2433 Χρισιδν,
1751 2398 1823 2432 πλη-

1031 2449 1234 2484 ροφορήσαντες
1250 2449 1291 2474 ὃτι
1306 2447 1404 2479 πλάνος
1417 2445 1463 2483 ἦν.

1064 2541 1175 2568 Νοεῖται
1203 2539 1231 2566 δὲ
1255 2539 1362 2566 σκοτία
1390 2538 1437 2565 καὶ
1472 2538 1488 2572 ἡ
1525 2537 1619 2568 ἁπλῶς
1643 2536 1736 2572 πλάνη
1765 2536 1822 2563 τῶν

1034 2586 1186 2614 Ἰουδαίων·
1212 2586 1261 2622 τὴν
1280 2586 1334 2620 γὰρ
1360 2584 1521 2619 σωματικὴν
1547 2583 1677 2618 λατρείαν
1704 2583 1818 2618 φυλάσ-

785 2785 884 2817 Variae
908 2785 1060 2816 lectiones
1075 2790 1103 2816 et
1121 2789 1216 2816 nota).

224 2866 278 2897 (75)
293 2869 349 2899 Γάρ
365 2877 413 2902 pro
425 2871 451 2896 δέ
470 2872 500 2897 Α.

226 2901 280 2937 ςῖϋ)
299 2904 342 2928 Δίί
354 2901 403 2938 pro
415 2907 466 2940 χρὴ
483 2907 513 2934 Α.

1056 2870 1111 2902 (π)
1133 2870 1175 2904 'ng.
1196 2870 1264 2903 νάπη»
1286 2872 1310 2896 x.
