1911 3074
170 185 240 218 1375

168 298 230 318 esse
247 298 308 317 eum
325 298 340 316 a
356 290 420 321 Deo,
436 293 464 317 et
492 293 635 324 propterea
655 296 712 316 non
729 288 896 317 obediebant
915 289 951 320 ei.

170 338 208 364 ait
223 346 228 363 :
245 336 273 363 In
287 336 450 363 novissimo'
461 336 506 362 die
535 343 637 366 sermo.
653 342 733 370 quem
755 335 863 362 locutus
893 342 953 361 sum

169 383 278 412 dicens,
311 381 383 415 quod
399 389 433 408 cx
460 381 565 416 uveipso
592 389 644 408 non
669 389 728 408 sum
752 381 870 412 locutus,
907 380 954 408 sed

170 429 259 459 Pater.
272 428 318 462 qui
332 427 468 460 misitme,
477 428 534 461 ipse
541 427 608 454 mihi
620 431 786 462 praeceptum
797 426 955 461 dedit,quid

169 474 257 501 dicam
267 479 293 500 et
301 474 364 507 quid
374 474 479 507 loquar,
489 474 532 500 ille
545 473 738 501 condemnabit
751 481 813 500 eum
821 492 828 504 ,
837 472 897 499 loco
908 479 954 498 ac-

169 520 301 547 cusatoris
310 519 487 552 constitutus,
498 519 676 551 convincens,
686 526 851 553 omnemque
859 526 956 553 ampu-

170 569 231 591 tans
238 565 422 596 occasionem,
431 573 511 599 quem
521 565 650 599 operibus
658 564 828 596 conﬁrmavi,
839 572 872 591 ex
882 565 957 591 omni

169 615 245 645 parte
264 611 425 642 ostendens,
456 611 527 645 quod
545 611 600 638 Deo
621 618 676 638 non
687 611 738 638 sim
754 611 920 638 contrarius.

206 656 284 684 Vers.
303 656 347 683 50.
363 657 396 684 Et
416 673 451 677 —-
465 663 514 684 est.
527 657 629 692 Utpote
646 659 728 685 vitam
738 658 892 685 concilians
920 665 958 684 ae-

170 708 288 736 ternam,
311 708 439 738 tanquam
469 705 502 731 ad
535 704 618 732 vitam
652 705 790 733 adducens
814 710 958 733 aeternam.

171 749 242 776 Sunt
259 757 324 785 ergo
344 750 556 784 inexcusabiles,
581 752 626 786 qui
644 760 676 779 ea
704 759 761 778 non
792 752 959 786 suspiciunt,

170 802 231 828 quae
247 794 316 821 mihi
334 801 469 830 prmcepta
478 800 593 828 sunt,ut
609 796 716 831 loquar,
736 795 866 823 videlicet
878 796 959 822 vcrha

171 847 243 871 mea,
258 840 408 868 doctrinam
430 849 516 867 meam
538 846 584 868 :et
596 842 647 868 sibi
670 841 737 876 ipsis
753 848 815 868 sunt
844 841 958 874 inimici,

172 889 265 919 utpote
277 885 358 911 vitam
374 893 429 912 non
446 885 628 919 suscipientes
645 889 788 912 aeternam.

208 930 271 958 Ilzee
299 939 383 958 vero:
416 931 485 963 Quid
516 931 604 958 dicam
621 936 648 958 et
676 931 741 966 quid
757 931 863 966 loquar.
888 931 959 958 idem

173 976 338 1010 signiﬁcant.
370 976 452 1003 Multa
482 981 573 1003 autem
607 981 672 1004 sunt
707 977 864 1012 hujusmodi
890 977 961 1012 apud

173 1029 279 1050 sacram
291 1022 473 1056 Scripturatu.

208 1067 285 1095 Vers.
300 1067 343 1094 56.
365 1068 429 1100 Quae
443 1068 590 1103 -—loquor.
618 1068 652 1095 Et
670 1075 719 1103 per
748 1068 908 1102 prmdictam
933 1073 962 1096 et

174 1121 221 1147 per
236 1118 396 1148 praesentem
410 1114 586 1146 sententiam,
603 1122 713 1141 rursum
745 1114 853 1141 inducit
869 1122 916 1142 eos
928 1115 961 1141 ad

174 1159 265 1190 tidem,
282 1159 495 1193 parceusadhuc
506 1160 560 1187 illis
587 1168 643 1194 pra:
671 1160 806 1188 immensa
834 1161 961 1196 benigni-

176 1209 239 1232 tate.
259 1205 296 1231 De
328 1205 486 1240 hujusmodi
504 1211 594 1233 autem
631 1205 786 1233 humilitate
818 1206 962 1234 verborum

175 1251 378 1284 di<pensatorie
403 1252 549 1284 dictorum,
582 1252 666 1279 variis
687 1252 715 1279 in
743 1252 811 1279 locis
830 1252 960 1280 diximus.

175 1297 222 1323 Illa
236 1305 354 1331 namque
371 1307 377 1323 :
392 1299 412 1324 Α
431 1299 529 1332 meipso
544 1307 594 1325 non
611 1299 669 1325 veni
683 1298 705 1314 “
724 1307 732 1331 ;
747 1303 792 1325 et:
806 1298 849 1325 Ex
865 1299 962 1333 meipso

175 1351 225 1368 non
237 1351 294 1369 sum
309 1343 411 1371 (auritus
426 1345 468 1377 ";
490 1350 517 1372 et
532 1354 539 1371 :
555 1345 613 1380 Ipse
626 1346 689 1372 mihi
704 1349 865 1380 praeceptum
876 1345 961 1377 dedit,

175 1388 238 1422 quid
255 1389 343 1415 dicunt
358 1394 381 1416 el
393 1390 456 1424 quid
472 1390 605 1425 loquar“,
638 1397 670 1418 ac
690 1390 802 1423 similia,
831 1391 963 1417 manifes-

177 1434 232 1460 tius
249 1432 359 1468 quidem
374 1436 549 1468 conﬁrmant,
567 1436 640 1471 quod
658 1436 713 1464 Deo
726 1444 782 1463 non
798 1437 834 1463 sit
851 1442 963 1464 contra-

175 1479 234 1506 rius
248 1488 254 1506 :
271 1481 403 1508 secretius
411 1482 601 1515 vcrojnuuunt
613 1482 686 1516 quod
715 1481 790 1509 Patri
820 1482 856 1508 sit
869 1489 963 1516 aequa-

176 1525 219 1552 lis.

212 1571 289 1598 CAP.
306 1571 374 1599 XIII.
392 1572 471 1600 Vcrs.
493 1573 518 1599 I.
534 1573 602 1599 Ante
618 1573 784 1619 epatrem.
802 1573 870 1600 Nam
887 1578 964 1609 post—
977 1586 999 1619 α

176 1624 255 1651 qualn
271 1622 395 1644 mortuus
406 1622 448 1644 est
460 1626 491 1645 ac
505 1618 668 1652 resurrexit,
690 1626 704 1645 a
723 1624 793 1646 terra
820 1619 848 1646 in
864 1620 962 1648 cmlum

177 1663 314 1697 migravit.

214 1708 289 1736 γεγε.
306 1709 330 1735 1.
347 1708 413 1736 Cum
426 1709 561 1736 dilexisset
577 1726 611 1730 ——
624 1719 678 1738 eos.
694 1711 777 1741 Suos.
794 1716 874 1739 vocat
886 1711 966 1739 disci-

177 1753 267 1787 pulos.
281 1759 375 1788 utpote
392 1755 562 1784 domesticos
580 1762 691 1792 propter
707 1758 904 1785 obedientiam.
916 1758 964 1785 Sui

177 1804 267 1826 autem
284 1800 411 1834 appellati
429 1809 540 1836 quoque
559 1808 624 1830 sunt
652 1812 749 1831 omnes
775 1804 873 1836 Judaei.
903 1809 964 1832 tan-

178 1853 258 1879 quam
278 1847 386 1881 cognati
403 1856 409 1874 :
427 1848 481 1874 imo
499 1849 582 1875 etiam
598 1857 694 1876 omnes
717 1850 797 1877 simul
826 1851 963 1882 homines.

176 1896 306 1926 tauquam
320 1899 453 1921 creatura
465 1895 561 1929 ipsius.
580 1896 692 1923 Addidit
710 1902 811 1928 autem,
829 1896 965 1930 Quierpnt

177 1939 205 1964 in
221 1939 330 1966 mundo.
349 1939 416 1966 Nam
437 1941 482 1974 qui
512 1941 567 1976 jam
585 1943 611 1968 iu
625 1943 726 1969 virtute
755 1943 857 1970 mortui
873 1947 963 1976 erant,

176 1984 237 2017 ejus
251 1985 332 2011 etiam
345 1987 449 2020 proprii
477 1986 650 2020 dicebantur,
675 1988 814 2015 Abraham
837 1988 965 2015 videlicet

178 2029 251 2057 Isaac
259 2035 286 2057 et
300 2031 396 2063 Iacob,
410 2033 512 2067 quique
529 2034 771 2068 temporeillorum
787 2035 855 2069 justi
872 2039 962 2062 erant.

177 2077 244 2104 Cum
260 2078 401 2106 dilexisset
428 2088 494 2115 ergo
522 2081 673 2116 discipulos
692 2082 726 2108 ad
755 2082 782 2109 id
796 2090 881 2116 usque
897 2086 965 2109 tem-

177 2123 262 2157 peris,
279 2128 344 2150 tunc
362 2125 446 2160 magis
461 2125 556 2153 dilexit
568 2134 626 2154 eos.
642 2125 719 2158 Nam,
731 2127 759 2153 in
787 2127 877 2161 linem.
893 2126 964 2153 idem

177 2167 310 2203 signiﬁcat
333 2171 405 2204 quod
423 2173 609 2199 vehementer.
629 2171 699 2205 Quia
726 2172 798 2198 enim
813 2172 868 2207 jam
882 2172 966 2199 mori-

180 2217 260 2240 turus
279 2220 461 2251 erat,eosquc
478 2218 636 2248 relicturus,
669 2217 844 2245 dilectionem
878 2218 966 2245 inten-

777 184 968 214 EUTHYMII
989 183 1168 214 ZIGABENI

204 244 282 272 Vers.
308 245 351 272 i0.
380 244 448 276 Quia
466 259 501 264 —
517 243 623 278 loquar.
654 242 723 276 Quia
745 242 874 270 dicebant
899 249 952 268 non
969 241 991 270 A

1728 181 1808 212 1276

1041 242 1150 268 Ὅτιη
1163 240 1301 274 λαλήσω.
1321 239 1399 266 Ἐπεὶ
1413 239 1506 273 ἔλεγον
1526 239 1567 265 ὅτι
1590 238 1640 264 οὐκ
1663 238 1739 264 ἔστιν
1764 239 1808 265 ἐκ

1004 287 1052 314 τοῦ
1070 287 1149 320 Θεοῦ,
1163 287 1211 314 καὶ
1225 287 1269 314 διὰ
1284 287 1363 313 τοῦτο
1384 286 1434 313 οὐκ
1453 286 1592 312 ἐπείθοντο
1608 284 1693 319 αὐτῷ,
1711 287 1807 320 φησὶν

1004 333 1045 360 ὅτι
1061 333 1105 360 Ἐν
1116 334 1147 368 τῇ
1157 333 1257 368 ἐσχάτῃ
1269 333 1360 368 ἡμέρᾳ
1369 333 1382 358 ὁ
1392 332 1470 365 λόγος
1479 331 1508 357 ὃν
1521 331 1601 366 ὲλάλη
1606 339 1640 357 σα
1649 330 1738 364 λέγων
1754 331 1807 356 ὅτι

1006 379 1035 412 ἐξ
1057 379 1177 414 ἐμαυτοῦ
1192 379 1242 405 οὐκ
1257 378 1387 411 ἐλάλησα,
1404 377 1462 404 ἀλλ’
1481 379 1494 404 ὁ
1508 376 1620 411 πέμψας
1637 385 1670 411 με
1686 376 1806 410 Πατὴρ,

1006 423 1088 455 αὑτός
1105 433 1150 459 μοι
1166 423 1319 450 ἐνετείλατο
1331 423 1358 448 τί
1373 422 1442 448 εῐπω
1455 421 1502 448 καὶ
1516 421 1543 447 τί
1558 420 1679 455 λαλήσω,
1691 420 1807 450 ἐκεῖνος

1007 471 1096 505 κρινεῖ
1119 469 1212 501 αὑτὸν,
1239 469 1269 495 ὲν
1292 468 1369 500 τάξει
1395 467 1552 502 κατηγόρου
1578 467 1724 501 ἱστάμενος
1750 467 1806 492 καὶ

1007 515 1162 550 διελέγχων,
1201 514 1249 541 καὶ
1279 514 1370 540 πᾶσαν
1395 512 1545 546 ἀπολογίαν
1570 511 1734 546 περιαιρῶν,
1769 510 1805 536 ὂν

1007 561 1148 588 ὲΰεϐαιουν
1161 562 1216 593 τοῖς
1235 560 1336 596 ἔργοις,
1353 559 1524 594 πανταχόθεν
1537 558 1670 585 δεικνύων
1685 558 1727 584 ὅτι
1747 558 1806 583 οὐκ

1008 609 1065 642 εἰμὶ
1081 607 1214 638 ἀντίθεος.
1426 626 1436 629 .,

1043 653 1097 680 Καὶ
1112 667 1146 673 —
1159 653 1255 680 ἐστιν,
1277 651 1321 684 Ὠς
1338 651 1411 687 ζωὴν
1433 651 1544 678 αἰώνιον
1559 649 1741 685 προξενοῦσα,
1761 649 1807 679 ὡς

1009 700 1049 729 εἰς
1071 699 1144 733 ζωὴν
1159 697 1269 724 αἰώνιον
1286 698 1403 731 ἄγουσα.
1417 696 1629 730 Ἀναπολόγητοι
1645 695 1692 722 οὖν
1714 695 1738 720 οἱ
1762 693 1807 727 μὴ

1009 744 1148 779 δεχόμενοι
1165 744 1201 770 τὰ
1228 743 1390 770 ὲντα).θὲντα
1417 751 1463 778 μοι
1487 742 1650 776 λαληθῆναι,
1681 741 1742 775 ἤτοι
1768 739 1808 763 τὰ

1011 790 1123 826 ῥήματά
1148 799 1210 825 μου,
1237 789 1285 824 τὴν
1307 789 1482 816 διδασκαλίαν
1503 796 1553 822 μου
1566 796 1573 803 ”
1593 787 1640 814 καὶ
1661 785 1808 812 ἑπίὸουλυί

1011 838 1080 863 εἰσιν
1092 836 1198 863 ἐαυτὼν
1212 836 1249 867 ὡς
1269 835 1306 871 μὴ
1322 835 1463 870 δεχόμενοι
1478 835 1527 868 τὴν
1541 831 1650 859 αἰώνιον
1670 831 1754 865 ζωήν.

1047 934 1085 962 Τὸ
1105 934 1150 960 δέ·
1167 933 1199 960 Τί
1213 934 1281 961 εἴπω
1298 934 1345 960 καὶ
1368 933 1394 960 τι
1407 933 1518 969 λαλήσω
1540 934 1570 960 τὸ
1590 933 1653 959 αὑτὴ
1678 931 1805 967 δηλοῦσι

1014 979 1104 1007 Πολλὰ
1121 979 1148 1006 δὲ
1166 979 1278 1006 τοιαῦτα
1293 978 1369 1014 παρά
1384 980 1417 1014 τῇ
1432 979 1541 1014 Γραφῇ.

1051 1069 1082 1095 Ἃ
1097 1067 1236 1095 -λαλώ,
1252 1067 1307 1095 Καὶ
1323 1067 1367 1094 διὰ
1380 1067 1428 1094 τοῦ
1444 1066 1654 1102 προρρηθέντος,
1682 1066 1730 1091 καὶ
1756 1064 1807 1091 διὰ

1013 1115 1059 1141 τοῦ
1085 1115 1220 1151 παρόντος
1239 1114 1340 1150 ῥητοῦ,
1365 1113 1445 1140 πάλιν
1462 1113 1555 1147 ἐνάγει
1570 1113 1682 1143 τούτους
1695 1112 1736 1142 εἰς

1015 1169 1084 1192 στιν,
1101 1160 1140 1187 ἔτι
1152 1161 1311 1195 φειδόμενος
1327 1159 1417 1186 αὐτῶν
1431 1159 1484 1186 ὑπὸ
1505 1159 1555 1193 τῆς
1575 1157 1691 1192 ἀπείρου
1707 1157 1804 1191 φιλαν-

1014 1207 1148 1242 θρωπίας.
1174 1206 1242 1242 Περὶ
1267 1207 1359 1241 μέντοι
1383 1205 1433 1241 τῆς
1455 1205 1649 1239 ταπεινότητος
1674 1204 1729 1230 τῶν
1746 1212 1808 1230 τοι-

1014 1253 1100 1280 ούτων
1119 1253 1300 1288 οἰκονομικῶν
1326 1252 1456 1288 ῥημάτων
1479 1251 1616 1286 διαφόρως
1639 1251 1806 1286 εἰρήκαμεν.

1014 1299 1036 1325 Τ
1038 1300 1052 1325 ὸ
1063 1300 1117 1334 γὰρ
1135 1299 1199 1326 Ἀπ’
1212 1299 1344 1333 ἐμαυτοῦ
1359 1299 1414 1326 οὐκ
1427 1297 1572 1333 ἐλήλυθα,
1585 1297 1631 1324 καὶ
1644 1297 1695 1329 Ἐξ
1709 1297 1807 1330 ἐμαυ-

1014 1345 1067 1372 τοῦ
1081 1345 1136 1372 οὐκ
1152 1345 1301 1378 ἐλάλησα,
1314 1345 1362 1372 καὶ
1376 1345 1472 1378 Αὐτός
1483 1353 1534 1379 μοι
1549 1343 1684 1378 ἐντολὴν
1697 1343 1806 1374 ἔδωκε,

1014 1391 1043 1417 τι
1062 1390 1137 1417 εῑπω
1157 1391 1206 1417 καὶ
1228 1390 1258 1417 τί
1272 1390 1410 1424 λαλήσω,
1425 1391 1472 1417 κὰὶ
1484 1391 1518 1417 τὰ
1536 1389 1659 1419 τοιαῦτα,
1677 1390 1806 1424 φανερώ-

1014 1445 1094 1470 τερον
1111 1435 1162 1471 μὲν
1190 1436 1219 1462 τὸ
1238 1435 1275 1471 μὴ
1296 1435 1366 1463 εἶναι
1390 1436 1474 1463 αὐτὸν
1494 1435 1616 1463 ἀντίθεον
1642 1434 1785 1470 βεϐαιοῦσι
1798 1455 1805 1466 ,

1014 1481 1203 1518 κρυφιώτερον
1217 1482 1247 1509 δὲ
1260 1482 1291 1509 τὸ
1306 1481 1376 1509 εἶναι
1392 1482 1473 1510 αὐτὸν
1493 1482 1552 1509 ἴσον
1566 1481 1606 1516 τῷ
1622 1481 1710 1516 Harp!
1731 1481 1786 1507 ὑπο
1796 1495 1802 1498 -

1016 1529 1154 1564 φαίνουσι,

1050 1576 1110 1610 Πρὸ
1131 1589 1166 1595 -—
1187 1574 1313 1608 Πατέρα.
1339 1573 1498 1600 ’Δποθανων
1523 1573 1577 1608 γὰρ
1602 1573 1647 1600 καὶ
1667 1573 1802 1605 ἀναστὰς,

1018 1621 1119 1657 μετέϐη
1135 1620 1189 1647 ἀπὸ
1205 1621 1255 1655 τῆς
1268 1620 1320 1655 γῆς
1333 1620 1373 1650 εις
1386 1619 1432 1646 τὸν
1447 1619 1574 1654 οὐρανόν.

1050 1710 1224 1746 Ἀγαπήσεις
1240 1724 1275 1731 —
1289 1710 1409 1742 αὐτούς,
1427 1709 1521 1741 Ίδίους
1537 1709 1609 1743 λέγει
1626 1709 1690 1750 τοὺς
1710 1709 1803 1744 μαθη-

1014 1755 1074 1788 τὰς,
1090 1755 1127 1787 ὡς
1143 1755 1262 1786 οἰκείους
1275 1755 1321 1781 διὰ
1335 1756 1385 1789 τὴν
1401 1755 1568 1781 εὐπείθειαν.
1586 1755 1662 1781 Ἴδιοι
1676 1754 1705 1780 δὲ
1719 1755 1803 1781 αὑτοῦ

1016 1800 1281 1836 προσηγορεύθησαν
1295 1801 1344 1827 καὶ
1370 1801 1396 1827 οἱ
1421 1801 1521 1832 πάντες
1541 1800 1662 1827 Ἰουδαῖοι
1677 1800 1716 1831 ὡς
1736 1808 1803 1833 αυγ-

1015 1848 1122 1882 γενεῖς·
1139 1847 1186 1873 καὶ
1207 1847 1232 1872 o'.
1256 1847 1414 1881 σύμπαντες
1431 1846 1570 1879 ἄνθρωποι
1585 1845 1622 1877 ὡς
1636 1846 1797 1881 δημιουργή-

1017 1902 1091 1928 ματα
1103 1892 1197 1919 αὐτοῦ.
1218 1892 1291 1925 Τοὺς
1307 1893 1341 1919 ἐν
1364 1891 1403 1924 τῷ
1426 1893 1529 1927 κόσμῳ
1547 1892 1575 1918 δὲ
1590 1889 1662 1924 εἶπε,
1676 1892 1743 1918 διότι
1758 1893 1803 1918 καὶ

1016 1938 1039 1965 οἱ
1066 1938 1292 1973 τετελευτηκότες
1325 1938 1355 1965 ὲν
1389 1939 1476 1973 ἀρετῇ
1509 1937 1570 1965 ἴδιοι
1599 1937 1682 1964 αὐτοῦ
1719 1936 1802 1973 ἦσαν,

1021 1984 1148 2020 Ἀδραὰμ
1165 1985 1213 2011 καὶ
1240 1985 1335 2011 Ἰσαὰκ
1352 1985 1400 2012 καὶ
1421 1983 1530 2016 Ἰακὼϐ,
1555 1984 1603 2010 καὶ
1621 1984 1646 2010 οἱ
1663 1985 1723 2010 κατ’
1735 1985 1792 2010 ἐκεί

1016 2039 1078 2062 νους
1097 2030 1210 2058 δίκαιοι.
1232 2031 1393 2066 Ἀγαπήσεις
1409 2029 1468 2063 οὖν,
1489 2030 1573 2065 φησὶ,
1599 2030 1662 2062 τοὺς
1679 2029 1804 2065 μαθητὰς

1015 2076 1080 2112 ἄχρι
1092 2076 1139 2103 τοῦ
1157 2076 1218 2103 τότε
1240 2075 1354 2111 καιροῦ,
1380 2076 1441 2102 τότε
1463 2076 1564 2111 μᾶλλον
1587 2075 1732 2111 ἠγάπησεν
1758 2078 1803 2102 αὺ-

1015 2122 1079 2154 τούς
1089 2130 1097 2139 '
1112 2123 1143 2149 τὸ
1153 2122 1209 2158 γὰρ
1225 2120 1276 2155 Ειξ
1290 2122 1377 2155 τέλος
1390 2122 1421 2149 τὸ
1433 2122 1536 2157 σφόδρα
1552 2122 1637 2156 δηλοῖ.
1660 2121 1739 2148 Ἐπεὶ
1750 2122 1805 2157 γὰρ

1017 2168 1129 2203 ἔμελλεν
1144 2169 1195 2204 ήδη
1214 2168 1363 2195 ἀποθανεῖν
1380 2167 1428 2195 καὶ
1451 2168 1595 2195 ἀπολιπεῖν
1613 2167 1713 2200 αὐτοὺς
1724 2189 1731 2201 ,
1747 2170 1801 2195 ἐπι-

1016 2214 1100 2240 τείνει
1126 2214 1176 2250 τὴν
1198 2213 1309 2250 ἀγάπην
1331 2215 1372 2246 εις
1395 2214 1565 2250 ὲμπύρευμα
1592 2217 1703 2251 μνήμης
1724 2216 1805 2242 αὐτοῦ

178 2259 217 2286 dit
236 2260 267 2286 ad
284 2262 475 2289 accensionem
492 2263 707 2290 vehementioris
715 2263 853 2290 memoria:
866 2263 962 2298 ipsius.

1023 2259 1210 2294 τφοδροτέρας.
1240 2260 1358 2295 Σημεῖον
1383 2261 1410 2287 δὲ
1432 2260 1483 2295 τῆς
1501 2261 1655 2294 ὲπιτάσεως
1677 2262 1707 2288 τὸ
1731 2262 1795 2296 vida

178 2305 290 2340 Signum
306 2314 370 2333 vero
385 2307 548 2335 intentionis
561 2308 625 2339 fuit,
636 2309 702 2335 lotio
717 2309 817 2343 pedum
832 2309 940 2336 illorum
955 2317 962 2337 :

177 2358 240 2376 nam
255 2351 299 2384 qui
319 2351 437 2385 aliquem
466 2352 603 2380 ferventer
632 2358 716 2387 amat,
749 2362 783 2382 ne
811 2359 964 2382 extremum

177 2396 289 2430 quidem
303 2397 360 2431 ejus
390 2398 572 2425 ministerium
601 2399 716 2427 devitat.

213 2443 291 2470 Vcrs.
307 2444 334 2470 2.
349 2443 382 2470 Ει
399 2452 470 2470 corna
482 2445 565 2479 facta.
582 2445 611 2471 In
628 2446 792 2479 diversorio,
804 2447 833 2473 in
845 2447 964 2475 instrato

179 2489 320 2517 caenaculo
334 2498 341 2516 :
358 2489 421 2524 quia
436 2489 508 2517 facta
521 2499 647 2526 vespera.
664 2492 811 2519 sicutdixit
823 2492 966 2520 Mattheus

179 2535 308 2563 accubuit
328 2543 389 2563 cum
403 2536 548 2564 duodecim
560 2538 592 2565 ⁵⁵.
608 2537 706 2571 Qumre
720 2546 784 2573 ergo
810 2539 882 2566 hanc
902 2547 967 2566 seu-

180 2581 294 2608 tentiam
317 2582 489 2617 sexagesimo
517 2584 599 2610 tertio
629 2585 689 2618 ejus
714 2584 816 2618 capite.
846 2593 878 2612 ac
909 2585 967 2620 lege

180 2636 299 2660 omnem,
313 2637 374 2664 qum
389 2629 425 2656 ibi
440 2629 502 2657 data
514 2635 566 2662 est.
583 2631 797 2665 expositionem.

216 2721 293 2749 Vcrs.
314 2720 341 2748 2.
359 2720 425 2749 Cum
441 2721 740 2750 diabolus—traderet.
754 2724 821 2751 Cum
832 2724 888 2759 jam
901 2729 966 2751 tunc

183 2767 375 2802 cogitationem
395 2768 564 2797 immisisset.
581 2769 690 2802 quando
707 2774 874 2804 unguentum
895 2770 964 2796 cllu-

184 2811 223 2837 dit
243 2821 325 2846 super
339 2817 420 2846 caput
435 2813 499 2840 Jesu
514 2813 621 2846 mulier,
639 2813 672 2840 de
697 2822 749 2848 qua
771 2814 880 2848 scripsit
899 2814 966 2841 Mat—

187 2857 283 2884 tltxt-us.
299 2858 396 2890 Quam:
408 2866 472 2894 ergo
486 2859 562 2893 juxta
576 2859 656 2886 ﬁnem
670 2861 832 2895 sexagesimi
853 2861 965 2888 secundi

239 2925 258 2940 "
274 2925 352 2953 Joau.
368 2934 414 2958 ut,
427 2927 471 2954 “18.
527 2928 638 2956 “Ion-1.
662 2937 714 2962 νιν,
733 2930 772 2958 I0.

836 2931 856 2945 "‘
867 2931 946 2958 Joan:
963 2938 1010 2962 xu,
1036 2930 1076 2957 I9.

1015 2306 1079 2337 τοὺς
1107 2306 1190 2337 πόδας
1211 2306 1312 2333 αὐτῶν.
1339 2307 1369 2333 ⁸0
1395 2306 1449 2342 γὰρ
1469 2307 1584 2341 ἀγαπῶν
1608 2317 1671 2334 τινα
1696 2308 1805 2344 θερμῶς

1016 2352 1076 2378 οὐδὲ
1089 2353 1139 2387 τὴν
1153 2353 1271 2388 ὲσχάτην
1287 2353 1439 2388 ὑπηρεσίαν
1454 2353 1536 2380 αὑτοῦ
1551 2355 1734 2389 παραιτεῖται,

1053 2444 1108 2471 Καὶ
1132 2444 1258 2472 δείπνου
1286 2445 1463 2480 γενομένου.
1487 2445 1532 2472 Ἐν
1556 2444 1595 2480 τῷ
1622 2445 1804 2480 καταλύματι,

1016 2490 1084 2517 ὅπου
1099 2490 1129 2517 τὸ
1144 2491 1317 2525 ἐστρωμένον
1332 2491 1471 2525 ἀνώγεων,
1486 2491 1531 2518 ὅτε
1549 2491 1628 2526 ὀψίας
1642 2492 1805 2526 γενομένης,

1015 2536 1054 2568 ὡς
1069 2534 1128 2562 εἷπε
1148 2537 1298 2568 Matt-00th:.
1315 2537 1441 2563 ἀνέκειτο
1464 2537 1534 2572 μετά
1549 2537 1605 2564 τῶν
1619 2537 1734 2565 δώδεκα.
1753 2539 1805 2573 Ζή-

1015 2591 1098 2618 τησον
1123 2581 1170 2609 οὖν
1193 2583 1269 2609 τουτὶ
1296 2583 1326 2609 τὸ
1343 2583 1424 2617 ῥητὸν
1441 2584 1470 2609 ἐν
1491 2583 1530 2617 τῷ
1561 2583 1701 2618 ἑξηκοστῷ
1723 2585 1806 2618 τρίτῳ

1016 2631 1157 2665 κεφαλαίῳ
1174 2629 1269 2659 αὑτοῦ.
1291 2630 1338 2657 καὶ
1353 2629 1493 2664 ἀνάγνωθι
1510 2630 1600 2657 πᾶσαν
1613 2631 1663 2665 τὴν
1677 2631 1735 2657 ἐκεῖ
1760 2632 1793 2665 pq

1021 2677 1113 2703 θεῖσαν
1127 2677 1267 2711 ἐξήγησιν.

1059 2722 1115 2748 Τοῦ
1130 2722 1272 2748 διαϐόλου
1285 2737 1321 2743 -
1339 2721 1472 2755 παραδῷ.
1493 2722 1562 2756 Ἤδη
1586 2721 1750 2756 βεϐληκότος
1765 2723 1801 2748 io.

1021 2767 1119 2802 γισμὸν
1132 2768 1203 2800 τότε,
1218 2768 1262 2793 ὅτε
1273 2767 1304 2793 τὸ
1323 2769 1409 2802 μύρον
1422 2767 1549 2802 κατέχεεν
1561 2769 1606 2794 ἐπὶ
1621 2768 1669 2803 τὴν
1685 2769 1806 2804 κεφαλὴν

1022 2812 1067 2839 τοῦ
1088 2812 1205 2847 Χριστοῦ
1224 2813 1239 2846 ἡ
1261 2812 1342 2846 γυνὴ,
1370 2812 1433 2846 περὶ
1450 2809 1484 2847 ἦς
1504 2812 1643 2843 Ματοιῖος
1668 2813 1805 2847 ἱστόρησε.

1022 2859 1140 2893 Ζήτησον
1156 2857 1202 2884 οὖν
1222 2858 1289 2893 πρὸς
1303 2858 1342 2892 τῷ
1359 2859 1431 2885 τέλει
1450 2858 1497 2885 τοῦ
1515 2857 1662 2893 ἑξηκοστοῦ
1678 2858 1804 2895 δευτέρου

1132 2929 1153 2945 εδ
1165 2929 1259 2956 Matth.
1274 2936 1346 2961 xxvi,
1362 2929 1407 2956 20.
