1911 3074
95 117 108 151 1
115 120 168 152 377

559 123 753 155 COMMENT.
776 123 817 154 IN
835 123 1024 154 JOANNEM.
1041 136 1075 142 —
1094 123 1172 154 CAP.
1192 125 1279 156 XIII.

1660 127 1728 161 1.378

93 177 246 211 κεφαλαῖου
275 178 357 206 αὐτοῦ
383 179 429 206 τό·
464 180 567 215 Ἀμὴν,
595 183 677 217 ἀμὴν
700 184 779 218 λέγω
804 183 885 218 ὑμῖν,

939 183 1037 218 capitis
1050 183 1146 218 ipsius,
1159 184 1205 211 ubi
1222 185 1324 213 dicitur
1337 194 1343 213 :
1355 186 1436 214 Amen
1446 187 1507 214 dico
1517 187 1601 220 vobis,
1616 188 1730 216 ubicun-

92 222 172 250 ὅπου
186 223 240 250 ἐὰν
258 225 395 260 κηρυχθῇ
417 226 450 253 τὸ
467 227 653 262 anm-Mter
668 228 756 256 τοῦτο
773 230 808 256 ἐν
824 229 885 262 ὅλῳ

93 268 134 300 τῷ
146 269 259 304 κόσμῳ,
276 272 323 297 καὶ
337 272 370 298 τὰ
385 272 459 307 ἑξῆς.
477 274 533 300 Καὶ
544 274 682 308 ἀνάγνωθι
695 275 726 302 τὸ
743 275 820 307 τέλος
834 275 884 310 τῆς

92 314 154 340 ἐκεῖ
170 316 300 352 ρηοείπης
316 317 484 354 ἐξηγήσεως.

131 360 216 388 Τοῦτο
238 362 266 388 δὲ
290 364 476 399 παρενέϐαλεν
500 366 514 392 ὁ
533 366 741 403 εὐαγγελιστὴς,
763 368 884 404 ἔκπλητ-

91 407 207 440 τόμενος
234 408 284 443 τὴν
307 409 530 446 ὑπερϐάλλουσαν
548 412 594 439 τοῦ
615 414 740 450 Σωτῆρος
757 414 884 446 ἀνεξικα-

93 452 166 485 κίαν,
187 453 228 480 ὅτι
243 455 291 482 καὶ
313 456 411 483 τούτου
429 458 492 490 τοὺς
513 459 597 491 πόδας
611 459 698 494 ἑνιψε,
717 459 883 495 μελετῶντος

91 497 143 533 ἧδη
159 499 305 534 προδοῦναι
322 502 415 530 αὐτόν.

247 556 325 585 ΚΕΦ.
347 557 406 592 ις’.
423 560 493 594 Περὶ
510 561 563 589 τοῦ
574 570 718 597 νιπτηρος

130 613 225 647 Εἰδὼς
234 629 264 635 ν’
285 616 397 650 χεῷας.
418 616 462 650 Ὦς
475 618 531 654 Υἱῷ
546 620 649 656 γνησίῳ
666 621 713 648 καὶ
730 625 881 657 μονογενεῖ.

98 659 355 697 ’Δνῦρωποπρεπῶς
371 662 399 689 δὲ
415 661 493 691 εἶπεν
515 665 556 692 ὅτι
573 666 662 693 πάντα
677 667 792 695 δέδωκεν
807 670 881 705 αὐτῷ

91 706 104 731 ὁ
121 706 216 741 Πατὴρ
236 708 276 738 εἰς
298 708 348 740 τὰς
373 709 481 744 χεῖρας,
510 711 680 746 μιμούμενος
697 713 743 740 τὸν
765 715 881 749 Χριστὸν

90 751 201 779 τοιοῦτα
225 753 340 787 λέγοντα
367 756 432 790 περὶ
451 757 550 784 ἑαυτοῦ
571 759 702 791 πολλάκις
723 761 785 787 κατ’
808 762 881 789 οἱκο-

91 798 198 832 νομίαν,
213 799 250 830 ὠς
264 799 402 836 διαφόρως
416 803 577 838 εἰρήκαμεν.
593 805 697 840 ’Ὠσπερ
711 806 740 832 δὲ
755 807 769 833 ὁ
785 807 880 844 Πατὴρ

91 844 261 897 ῗαραδίδωσι
288 846 327 881 τῷ
351 846 408 882 Υίῷ
421 867 428 878 ,
451 848 523 875 οὕτω
539 851 586 876 καὶ
605 852 618 877 ὁ
640 851 704 883 Yth;
725 852 763 888 τῷ
780 854 880 889 Πατρί.
896 868 919 897 Β

89 888 160 920 Φησὶ
178 889 232 924 γὰρ
250 890 372 922 Παῦλος·
391 892 482 920 Ὅταν
498 894 620 928 παραδῷ
639 895 697 930 τὴν
715 888 881 928 ,βασιλειᾶν

89 933 131 966 τῷ
149 935 209 968 Θεῷ
223 936 272 963 καὶ
288 938 391 972 Πατρί.

126 980 183 1007 Καὶ
197 996 233 1001 —-
247 982 365 1017 ὑπάγει.
399 983 444 1016 Ὠς
470 985 534 1018 Υἱὸς
548 985 615 1014 Θεοῦ
632 989 680 1014 καὶ
699 987 776 1020 Θεός.
796 989 881 1024 Φησὶν

89 1023 138 1052 οὖν
150 1026 191 1053 ὃτι
208 1027 287 1060 εἰδὼς
308 1029 405 1057 ἑαυτὸν
419 1031 641 1072 παντοκράτορα,
656 1034 703 1060 καὶ
722 1033 785 1060 Υἰδν
800 1023 879 1068 Θεοῦ,

89 1071 140 1098 καὶ
159 1073 293 1108 τοσαύτης
314 1075 364 1109 μὲν
389 1075 525 1109 ἐξουσίας,
550 1077 719 1113 τηλικαύτης
740 1078 769 1105 δὲ
790 1079 879 1113 ἀξίας,

89 1117 166 1150 ὅμως
187 1118 227 1149 είς
252 1119 339 1154 ἄκραν
363 1122 518 1157 συγκατέϐη
543 1123 724 1150 ταπείνωσιν·
752 1125 811 1160 ἅμα
831 1127 880 1162 μὲν

89 1162 139 1197 τὴν
151 1164 191 1195 είς
203 1165 266 1196 τοὺς
280 1165 404 1202 μαθητὰς
415 1168 526 1204 ἀγάπην
536 1169 754 1205 ἐνδεικνύμενος,
780 1172 838 1207 ἃμα
851 1173 880 1199 δὲ

91 1209 228 1237 παιδεύων
247 1212 347 1244 αὐτοὺς
363 1216 598 1250 ταπεινοφρονεῐν.

128 1253 290 1289 Ἐγείρεται
303 1273 338 1278 -
354 1258 462 1293 ἱμάτια.
486 1260 523 1287 Οὐ
538 1261 637 1294 πάντα,
653 1262 720 1297 ἀλλὰ
735 1264 765 1290 τὸ
779 1263 879 1296 ἔξωθεν

93 1302 277 1348 περιϐόλαιον,
304 1304 319 1339 ἢ
346 1305 394 1332 καὶ
420 1306 450 1332 τὸ
479 1307 540 1342 μετ’
564 1309 662 1343 ἐκεῖνο,
684 1311 753 1346 πρὸς
776 1312 806 1338 τὸ
822 1311 878 1348 (86)

88 1345 224 1384 εὐσταλὴς
240 1347 320 1378 εἶναι.

126 1437 180 1463 Kal
196 1438 300 1465 λαϐὼν
315 1454 350 1459 -
362 1440 481 1468 ἑαυτόν.
502 1442 547 1478 Τῷ
561 1442 658 1480 λεντίῳ
670 1445 796 1477 διέζωσεν
815 1447 877 1474 ἐαυ-

86 1482 133 1509 τὸν
149 1485 216 1519 πρὸς
239 1487 270 1511 τὺ
292 1486 446 1521 ἐκμάσσειν
468 1488 501 1515 δι’
523 1490 606 1516 αὑτοῦ
630 1492 694 1524 τοὺς
718 1492 802 1526 πόδας
821 1493 876 1521 τῶν

85 1530 270 1564 νιπτομένωι.

123 1573 377 1612 Εἶτα-νιπτῆρα.
393 1581 477 1612 Λὺτδς
491 1583 536 1609 καὶ
552 1583 582 1609 τὸ
598 1583 669 1619 ὕδωρ
684 1585 811 1621 κομίσας,
829 1588 875 1614 καὶ

85 1621 175 1648 πάντα
200 1624 269 1657 μετὰ
296 1625 386 1660 πάσης
410 1628 564 1663 προθυμίας
588 1630 798 1667 αὐτουργήςας,
832 1634 876 1660 ἵνα

86 1668 134 1694 καὶ
149 1669 229 1702 ἡμεῖς
246 1669 432 1704 διακονοῦντες
457 1674 546 1702 πάντα
562 1677 632 1710 μετὰ
658 1679 747 1714 πάσης
771 1680 875 1715 προθυυ

85 1714 151 1748 μίας
166 1715 222 1750 (87)
244 1717 449 1753 αὐτουργῶμεν,
476 1721 516 1751 εἰς
535 1721 638 1749 ἐκεῖνον
661 1724 873 1757 ἀποϐλέποντεῖ.

84 1759 184 1794 καὶμὴ
210 1761 400 1796 ὲπαιρώμεοα·
418 1766 444 1790 τί
457 1766 511 1800 γὰρ
526 1767 606 1802 ἡμεῖς
631 1769 698 1803 πρὸς
724 1771 768 1796 τὸν
791 1770 874 1804 Θεόν;

85 1806 122 1831 Τὸ
138 1807 230 1840 μέντοι
243 1806 359 1842 λέντιον,
375 1810 422 1836 καὶ
437 1811 482 1837 τὸν
497 1813 626 1848 νιπτῆροι,
643 1815 689 1841 καὶ
703 1815 752 1851 τὴν
767 1817 872 1852 ὑδρίαν,

83 1852 138 1877 ἀπὸ
158 1852 205 1878 τοῦ
228 1853 418 1882 οίκοδεσπότου
436 1857 545 1890 πάντως
571 1859 666 1887 ἔλαϐεν
689 1862 730 1893 εἰς
747 1864 796 1898 τὴν
813 1865 874 1891 τότε

83 1900 193 1934 χρῆσιν.

119 1990 173 2017 Καὶ
187 2006 221 2011 --
232 1991 353 2026 Πέτρον.
387 1993 464 2021 Ἐπεὶ
477 1996 578 2031 ἤρξατο
597 1997 710 2033 νίπτειν,
735 1998 793 2027 εἶτα
806 2000 872 2037 ἦλθε

81 2037 150 2069 πρὸς
175 2037 221 2064 τὸν
237 2038 352 2074 Πέτρον,
376 2041 500 2075 φαίνεται
524 2043 565 2070 ὅτι
591 2045 648 2079 (88)
671 2048 778 2081 πρῶτον
796 2049 872 2084 ἑνιψε

80 2083 144 2114 τοὺς
167 2083 251 2116 πόδας
270 2084 317 2111 τοῦ
347 2085 533 2122 Ἰσκαριώτου,
559 2089 618 2125 ἅμα
645 2092 694 2126 μὲν
719 2083 872 2129 εὐεργετῶν

79 2129 145 2163 ἄχρι
163 2128 279 2156 θανάτου
293 2131 340 2158 καὶ
355 2133 444 2167 τιμῶν
455 2134 500 2161 τὸν
515 2137 649 2173 προδότην
662 2140 756 2173 αὐτοῦ,
770 2128 812 2167 ἵνα
825 2143 871 2169 καὶ

79 2177 160 2210 ἡμεῖς
173 2176 273 2211 ὁμοίως
291 2178 425 2213 ποιῶμεν,
441 2180 499 2215 ἅμα
513 2181 540 2208 δὲ
555 2183 601 2208 καί
614 2183 774 2219 βουλόμενος
789 2187 870 2214 αὑτὸν

940 238 990 265 quc
1002 230 1177 264 prcedicatum
1203 231 1338 265 {ueritkoc
1364 232 1540 268 Evangeliuqt
1555 233 1583 260 in
1606 236 1727 262 universo

938 276 1036 302 mundo
1049 275 1082 308 ",
1095 279 1122 303 et
1137 280 1249 309 caetera,
1268 281 1296 304 et
1314 278 1374 313 lege
1388 278 1470 306 tinem
1485 280 1554 307 data:
1564 280 1601 308 ibi
1613 281 1723 315 exposi«

938 320 1032 348 tionis.

972 366 1031 394 Hoc
1044 371 1138 394 autem
1156 366 1324 402 interposuit
1338 369 1508 404 evangelista
1521 377 1584 397 eum
1614 375 1727 405 stupore

937 412 1075 440 admirans
1103 414 1283 441 excellentem
1316 415 1418 442 Christi
1447 416 1633 448 clementiam,
1664 418 1727 452 quia

937 458 1020 493 hujus
1036 459 1118 487 etiam
1132 460 1216 495 pedes
1236 460 1312 493 larit,
1329 461 1375 496 qui
1398 462 1425 489 in
1443 463 1569 497 proximo
1590 469 1649 490 erat
1664 472 1727 490 eum

936 505 1099 534 traditurus.

1075 562 1152 590 CAP.
1176 562 1247 590 XVI.
1279 563 1316 591 De

974 619 1050 646 Vers.
1063 620 1090 647 5.
1104 618 1195 647 Sciens
1211 635 1244 640 —
1260 629 1365 648 manus.
1376 621 1516 657 Tanquam
1530 623 1729 658 Filiolegitimo

935 669 963 692 et
994 665 1147 700 unigenito.
1181 667 1310 694 IIumauo
1325 672 1416 695 autem
1432 676 1508 695 more
1525 669 1593 696 dixit
1609 678 1615 696 :
1633 669 1728 697 Omnia

937 710 1008 737 dedit
1026 711 1076 745 ipsi
1088 711 1171 738 Pater
1181 712 1208 738 in
1222 721 1327 753 vitantis,
1343 713 1484 741 Christum
1501 714 1590 749 ipsum
1606 715 1727 749 imitans,

937 755 982 791 qui
1004 757 1166 791 lrcquenter
1185 757 1342 793 huiusmodi
1353 759 1388 786 de
1400 768 1429 787 se
1442 760 1642 795 dispensatorie
1658 762 1728 788 solet

938 802 1040 835 dicere,
1053 803 1125 830 sicut
1143 803 1224 830 rariis
1247 804 1274 831 in
1290 804 1358 832 locis
1387 805 1517 832 diximus.
1540 806 1617 834 Sicut
1635 813 1727 834 autem

938 847 1019 875 Pater
1046 849 1129 876 tradit
1158 849 1238 881 Filio,
1273 850 1312 877 sic
1337 855 1363 878 et
1388 851 1473 878 Filius
1492 851 1578 879 Patri.
1594 852 1639 879 Ait
1652 854 1727 880 enim

933 893 1035 921 Paulus
1047 902 1054 922 :
1067 893 1133 921 Cum
1150 895 1289 922 tradiderit
1304 904 1411 931 regnum
1427 896 1481 923 Deo
1492 901 1516 923 et
1535 896 1613 923 Patri
1626 897 1659 925 “.

1354 564 1450 592 latione
1478 566 1586 600 pedum.

971 982 1048 1010 Vcrs.
1064 981 1090 1010 5.
1109 982 1188 1009 Et—
1200 983 1261 1010 iret.
1273 982 1415 1018 Tanquam
1434 983 1519 1011 Filius
1536 985 1583 1012 Dei
1599 993 1632 1013 ac
1642 986 1725 1016 Deus.

932 1028 979 1055 Ait
994 1036 1058 1063 ergo
1075 1036 1081 1054 :
1102 1027 1200 1055 Sciens
1229 1028 1350 1062 seipsum
1379 1029 1594 1063 omnipotentem
1624 1038 1656 1058 ac
1673 1031 1721 1058 Dei

932 1073 1031 1100 Filium
1044 1080 1054 1099 :
1068 1073 1132 1099 licet
1145 1077 1225 1100 tautae
1252 1079 1325 1100 essct
1346 1073 1400 1108 (ΙιΙι)
1416 1075 1569 1108 potestatis,
1608 1076 1725 1111 talisque

932 1118 1084 1153 dignitatis,
1101 1119 1134 1145 ad
1150 1124 1300 1146 extremam
1318 1124 1410 1146 tamen
1424 1120 1567 1148 descendit
1582 1121 1724 1150 humilita-

933 1169 999 1196 tem,
1015 1168 1072 1191 tum
1092 1165 1265 1192 dilectionem
1287 1174 1351 1201 erga
1379 1167 1529 1202 discipulos
1560 1169 1721 1203 ostendens,

932 1213 988 1236 tum
1006 1217 1052 1237 eos
1067 1210 1153 1237 animi
1171 1211 1333 1238 modestiam
1349 1212 1479 1240 edocens.

966 1254 1043 1282 Vcrs.
1061 1256 1088 1282 4.
1105 1255 1196 1291 Surgit
1210 1271 1244 1276 —-
1258 1257 1424 1286 vestimenta.
1454 1259 1515 1285 Non
1542 1261 1643 1293 omnia,
1673 1262 1722 1289 sed

931 1301 1099 1328 exteriorem
1143 1302 1286 1335 amictum,
1321 1308 1368 1330 aut
1397 1305 1479 1331 etiam
1516 1305 1721 1339 indumentum,

930 1348 1001 1382 quod
1017 1348 1086 1375 vesti
1105 1348 1142 1375 illi
1152 1349 1281 1376 exteriori
1298 1349 1465 1382 adhaerebat,
1480 1358 1535 1386 quo
1551 1353 1721 1380 succinctior

929 1399 1002 1421 esset
1018 1394 1051 1420 ad
1068 1394 1095 1422 id
1128 1395 1200 1430 quod
1210 1395 1300 1423 facere
1321 1397 1444 1431 parabat.

964 1440 1041 1468 Vcrs.
1073 1442 1100 1468 4.
1131 1441 1246 1477 Cumque
1275 1444 1417 1478 accepisset
1433 1459 1464 1463 —
1487 1453 1524 1472 se.
1546 1444 1644 1473 Linteo
1659 1453 1721 1475 sese

929 1488 1071 1522 praecinxit
1091 1489 1123 1516 ad
1139 1489 1321 1523 cxtergendos
1337 1490 1514 1518 lavandorum
1532 1492 1627 1526 pedes.

965 1590 1042 1619 Vers.
1072 1591 1098 1618 5.
1125 1589 1394 1625 Deinde—pelvim.
1424 1591 1485 1625 Ipso
1514 1593 1595 1620 etiam
1621 1601 1719 1628 aquam

926 1636 1039 1667 ferebat,
1069 1639 1097 1662 ct
1132 1636 1259 1663 universa
1299 1643 1362 1663 cum
1396 1637 1471 1663 omni
1505 1639 1719 1673 promptitudiue

926 1682 1045 1717 propriis
1057 1681 1183 1709 manibus
1196 1681 1314 1709 faciebat
1359 1686 1388 1709 ut
1412 1687 1440 1709 et
1456 1691 1507 1710 nos
1519 1683 1717 1720 ministrantes,

925 1731 1023 1753 cuncta
1034 1734 1096 1754 cum
1114 1729 1188 1753 Ollltli
1207 1727 1426 1762 promptitudiue
1443 1736 1492 1762 per
1523 1730 1650 1764 nosipsos
1675 1731 1716 1757 fa-

925 1773 1042 1805 ciamus,
1071 1773 1098 1799 in
1139 1773 1215 1800 illum
1259 1773 1462 1808 respicientes:
1495 1783 1585 1809 neque
1629 1777 1718 1804 extol-

925 1820 1032 1846 lantur:
1059 1818 1123 1853 quid
1163 1819 1236 1846 enim
1282 1827 1381 1846 sumus
1408 1828 1468 1851 nos.
1508 1821 1530 1848 si
1564 1821 1597 1848 ad
1630 1821 1716 1850 Deum

925 1863 1263 1892 couferautur‘lliiuteum
1280 1864 1385 1898 itaque,
1405 1866 1505 1898 pclvim
1532 1874 1564 1893 ac
1591 1867 1715 1902 hydriam

924 1918 940 1938 a
961 1910 1154 1943 patrefamilias
1180 1910 1278 1945 procul
1301 1911 1385 1938 dubio
1408 1911 1434 1938 in
1451 1920 1514 1939 eum
1539 1917 1603 1940 tunc
1634 1923 1725 1942 usum.

924 1957 1039 1991 accepit.

960 2002 1037 2030 Vers.
1066 2003 1092 2031 5.
1109 2002 1286 2031 Et—Vers.
1319 2004 1345 2031 6.
1378 2003 1498 2032 Petrum.
1526 2005 1593 2038 Quia
1623 2006 1714 2034 lavare

923 2050 1009 2084 coepit
1033 2057 1065 2077 ac
1099 2050 1275 2084 postmodum
1294 2051 1369 2077 venit
1385 2050 1418 2077 ad
1436 2050 1559 2084 Petrum,
1590 2058 1712 2087 apparet,

922 2096 995 2132 quod
1011 2096 1128 2131 primum
1143 2095 1241 2123 laverit
1258 2096 1340 2131 pedes
1367 2096 1516 2130 lscariotan,
1548 2098 1629 2125 simul
1652 2098 1713 2133 qui-

922 2145 983 2172 dem
1001 2143 1136 2171 beneﬁcio
1163 2143 1284 2171 alliciens
1310 2151 1342 2171 ac
1371 2144 1510 2172 honorans
1541 2146 1710 2180 proditorem

921 2198 1001 2218 suum
1018 2198 1105 2225 usque
1116 2191 1150 2218 ad
1170 2182 1300 2222 mortem,
1317 2193 1346 2217 ut
1361 2194 1389 2217 et
1402 2199 1453 2227 nos
1465 2191 1592 2218 similiter
1627 2192 1711 2220 facia-

80 2223 282 2259 κατανυγῆναι,
297 2225 409 2252 τοιαῦτα
424 2227 495 2254 κατὰ
511 2227 558 2255 τοῦ
573 2229 694 2257 τοιούτου
718 2232 867 2268 κηδεμόνος
886 2226 888 2252 λ

939 2243 993 2264 ωε.
1012 2223 1099 2263 Simul
1128 2236 1211 2263 etiam
1231 2237 1380 2272 compungi
1405 2226 1502 2264 solens
1537 2237 1623 2270 illum,
1662 2239 1709 2274 qui

77 2268 282 2303 διανοούμενον.

114 2314 337 2359 Kal—adduc;
360 2317 395 2343 Σὺ
411 2318 424 2344 ό
439 2318 502 2351 Υἱὸς
523 2321 571 2346 τοῦ
600 2321 691 2356 ’Θεοῦ;
715 2323 868 2359 Εκπλαγεὶς

79 2361 135 2395 γὰρ
153 2358 214 2388 εἶπε
231 2362 321 2397 τοῦτο,
339 2364 386 2390 καὶ
400 2365 502 2400 σφόδρα
516 2366 689 2402 εὐλαϐηθείς.

115 2448 273 2483 Ἀπεκρίθη
291 2466 326 2470 -
343 2451 419 2485 ἄρτι.
448 2454 480 2479 Ὂ
499 2454 554 2489 ἐγὼ
569 2455 687 2484 διδάσκω
704 2457 747 2484 διὰ
768 2459 862 2486 τούτου

77 2495 125 2521 τοῦ
141 2495 315 2531 πράγματος.

116 2575 136 2589 ⁵⁸
155 2575 248 2604 Matth.
266 2585 340 2609 xxw,
358 2579 401 2606 i5.
457 2580 479 2595 “
494 2581 502 2607 I
517 2582 579 2609 Cor.
598 2590 642 2614 xv,
658 2583 704 2610 ‘24.

920 2282 985 2309 talia
1009 2282 1142 2309 adversus
1167 2282 1250 2309 talem
1267 2283 1480 2318 gubernatorem
1498 2283 1639 2319 cogitaret.

956 2327 1034 2355 Vcrs.
1051 2328 1076 2355 6.
1093 2328 1128 2355 Et
1147 2342 1180 2349 --
1195 2329 1294 2364 pedes?
1310 2329 1351 2356 Tu
1365 2329 1411 2363 qui
1447 2329 1533 2356 Filius
1548 2330 1593 2357 Dei
1611 2331 1663 2358 es?
1679 2331 1709 2358 In

919 2377 1061 2408 stuporem
1082 2382 1180 2402 versus
1196 2375 1249 2402 hoc
1276 2374 1355 2408 dixit,
1390 2382 1423 2402 ac
1454 2375 1633 2403 vehementer
1645 2385 1708 2404 cum

920 2419 1075 2446 reverentia
1096 2420 1210 2447 veritus.

954 2462 1032 2492 Vers.
1051 2465 1076 2491 7.
1107 2464 1249 2500 Respondit
1268 2481 1303 2488 —
1341 2467 1427 2494 modo.
1458 2466 1535 2500 Quod
1550 2475 1600 2502 ego
1611 2467 1661 2495 hac
1677 2475 1706 2496 re

917 2508 1013 2536 doceo.

666 2662 765 2692 Varia:
783 2662 939 2695 lectiones
957 2667 987 2695 et
1005 2668 1100 2695 notae.

111 2741 165 2774 (86)
183 2741 316 2771 Εὐπαλές
338 2743 369 2768 Α.

110 2779 164 2809 (Si)
181 2776 350 2810 Λὺῑοαρίίας
367 2779 398 2804 .\.

953 2747 1008 2791 t8?)
1027 2748 1140 2776 Esthaec
1159 2749 1343 2784 Chrysostomi
1369 2751 1475 2786 opinio,
1494 2756 1558 2779 tom.
1578 2753 1646 2787 \Ill,
1667 2763 1695 2791 p.

906 2782 959 2809 H5
976 2785 1008 2810 Α.

111 2856 163 2891 (Ἧι)
183 2856 302 2882 Lirrt~r
319 2861 365 2883 sct.
379 2855 405 2883 lu
428 2857 519 2885 Uncto
539 2863 640 2886 tzuituui
654 2865 704 2891 est,
717 2869 747 2886 ιιι·
761 2866 840 2886 mulw
853 2862 1000 2894 potestatis.
