1911 3074
190 151 261 185 1399

798 156 990 188 EUTHYMII
1010 158 1190 191 ZlGABENI

1745 165 1816 199 1400

183 207 307 234 notitiam
324 206 388 234 dare
403 205 438 235 de
452 206 554 243 Spiritu
569 213 662 236 sancto
678 217 684 235 :
701 209 799 241 Alium,
813 210 913 246 inquit,
924 211 974 238 Pa-

1035 215 1162 249 ιαθηταῖς
1178 217 1211 243 τὰ
1229 216 1293 252 περὶ
1321 216 1367 244 τοῦ
1384 218 1463 253 ἁγίου
1487 219 1658 255 Πνεῦματος.
1678 222 1774 249 Ἀλλον
1786 224 1815 249 δὲ
1863 198 1881 239 ’⁵3

183 253 327 284 racletum,
341 257 471 287 tanquam
493 261 547 286 me,
564 253 622 281 sive
642 255 843 282 admonitorem
859 263 891 283 ac
907 264 975 291 pra:-

182 303 321 332 ceptorcm
346 298 373 325 in
397 299 594 327 certaminibus
624 301 734 328 virtutis
760 309 768 328 :
796 301 923 329 solatium
941 310 974 331 ac

182 345 333 372 subsidium
359 345 386 372 in
414 345 617 374 atllictionibus.
646 347 742 375 Dicens
765 347 857 383 itaque
879 348 974 380 alium,

182 390 301 418 ostendit
325 399 505 425 personarum
529 392 723 420 differentiam.
748 393 866 422 Dicendo
882 400 974 422 autem

181 436 363 469 Paracletum,
377 437 434 465 sive
443 439 662 471 Consolatorem.
673 439 765 467 docuit
780 444 885 467 natura:
898 441 976 468 iden—

185 483 290 509 titatem
308 490 316 509 :
338 483 474 517 siquidem
499 484 688 512 consolatores
715 489 779 513 sunt
798 490 826 513 et
843 486 928 513 Filius
947 491 975 514 et

181 528 301 563 Spiritus
313 533 436 557 sanctus.

217 573 277 601 Non
297 579 387 602 tamen
410 575 480 603 dixit
501 585 508 602 ι
532 575 649 610 Mittam,
665 584 701 604 ne
731 576 778 604 Dei
801 577 975 606 adversarius

181 627 243 647 esse
262 620 412 654 videretur,
436 627 463 649 et
482 623 560 658 quasi
589 623 707 659 alicujus
729 624 849 662 alterius
875 624 975 653 virtute

182 665 271 692 facere
290 673 430 695 sermones
457 677 463 695 :
491 668 538 696 sed
556 676 628 696 nunc
644 669 755 704 quidem
772 675 930 705 rogaturum
946 677 976 697 se

181 710 290 737 Patrem
307 712 444 746 promisit,
461 718 488 741 et
512 718 625 749 propter
639 714 741 743 dictam
756 723 878 748 causam,
896 720 924 744 et
947 719 977 742 ut

182 757 237 784 tide
252 757 351 793 dignus
372 759 531 787 haberetur.
556 759 585 788 in
601 761 781 796 sequentibus
804 766 894 789 autem
913 769 976 796 pro-

181 803 267 835 priam
275 804 559 840 ostenditdignitatem
568 806 662 834 dicens
674 815 681 834 :
694 806 725 834 Si
753 816 800 842 ego
814 816 863 834 mm
874 807 977 841 abiero,

180 847 339 876 Paracletus
355 857 406 876 non
421 852 504 877 ueniet
523 852 558 878 ad
573 860 616 879 vo:
631 860 640 884 ,'
656 853 678 879 si
695 857 783 879 autem
804 853 903 886 abiero,
916 856 977 880 mit-

180 899 237 921 tam
256 894 326 922 vobis
343 904 402 922 cum
419 897 452 924 θ’.
479 897 511 924 Et
543 906 653 925 rursum
682 907 688 923 :
711 899 828 933 Accipite
842 898 976 934 Spiritum
993 898 1012 926 ιι

180 944 303 966 sanctum
314 941 345 968 "‘.

217 986 270 1014 Sed
286 988 423 1021 quomodo
439 988 474 1015 ab
489 988 543 1015 alio
564 988 644 1016 datur
664 997 695 1017 ac
709 989 836 1022 mittitur,
855 991 900 1025 qui
914 990 976 1018 ubi-

181 1040 234 1066 que
258 1040 381 1067 prresens
407 1039 460 1066 est,
493 1042 597 1069 suaque
624 1034 722 1063 dividit
747 1035 870 1070 singulis,
895 1040 977 1070 prout

180 1078 239 1106 vult
259 1078 423 1107 charismata
439 1081 461 1096 νδ
479 1080 490 1106 ?
508 1079 567 1106 Non
587 1084 715 1115 tanquam
734 1088 831 1108 servus
847 1080 927 1108 datur
947 1089 978 1109 ac

181 1125 310 1158 mittitur,
325 1125 373 1153 sed
396 1130 523 1160 tanquam
546 1126 668 1160 ejusdem
695 1130 811 1158 naturae,
835 1131 863 1153 et
882 1126 976 1154 cadent

181 1171 278 1199 volens
299 1179 362 1198 cum
378 1171 459 1198 Patre
474 1179 505 1198 ac
521 1171 604 1199 Filio.
621 1170 680 1199 Non
698 1172 771 1199 enim
789 1172 860 1200 sicut
881 1173 937 1200 hmc
950 1173 977 1200 in

181 1216 316 1244 creaturis
342 1216 505 1252 signiﬁcant,
525 1217 561 1245 ita
580 1222 607 1244 et
634 1217 661 1245 in
678 1217 815 1245 Trinitate
841 1218 977 1246 iucreata.

183 1262 217 1290 Et
234 1262 315 1290 datur
331 1263 442 1298 quidem
457 1271 472 1290 a
490 1264 581 1297 Patre,
595 1269 690 1300 utpote
705 1265 739 1292 ab
754 1265 800 1292 illo
813 1266 977 1300 procedens,

181 1308 301 1336 mittitur
316 1316 381 1336 vero
396 1317 410 1336 a
429 1309 497 1336 Filio
514 1310 591 1344 quasi
614 1317 767 1344 cooperans
783 1315 812 1337 et
840 1318 895 1337 non
913 1319 979 1338 con-

183 1356 295 1383 trarius.
311 1355 389 1383 Nunc
401 1356 494 1391 itaque
508 1356 566 1384 dari
580 1364 612 1384 ac
627 1356 697 1384 mitti
713 1358 752 1384 ait
764 1357 899 1392 Spiritum
913 1365 978 1384 san-

183 1406 279 1429 ctum:
303 1401 330 1429 in
351 1403 528 1437 sequentibus
543 1407 634 1430 autem
659 1403 741 1431 etiam
763 1403 845 1438 hujus
860 1403 979 1431 ostendit

182 1451 347 1483 potestatem
371 1447 466 1476 dicens
490 1457 496 1475 ί
522 1448 587 1477 Cum
609 1454 698 1476 autent
714 1449 812 1476 venerit
837 1449 881 1476 ille
899 1449 934 1480 π,
951 1453 979 1476 et

182 1498 292 1522 caetera.

219 1539 297 1567 Vers.
316 1541 580 1568 16.Ut—teternum.
598 1541 648 1573 Qui
658 1548 709 1568 nec
726 1544 788 1575 post
803 1544 918 1567 mortem
935 1547 979 1566 ve-

183 1589 268 1612 stram
283 1590 437 1620 separetur.
460 1585 563 1613 Deinde
578 1586 660 1613 etiam
675 1586 765 1618 docet,
779 1585 840 1620 quis
856 1585 891 1613 sit
908 1585 978 1612 alius

183 1630 353 1658 Paracletus.
655 1662 659 1667 _

220 1675 298 1703 Vers.
317 1677 361 1703 Π.
379 1676 509 1710 Spiritum
525 1677 656 1705 veritatis.
674 1677 730 1704 lloe
744 1683 797 1709 est,
816 1685 910 1705 verum
921 1677 978 1704 sive

182 1722 363 1756 pr.rcipuum,
377 1728 510 1756 quantum
529 1722 563 1749 ad
588 1723 656 1750 alios
669 1723 790 1757 spiritus.
808 1722 874 1750 Nam
887 1726 913 1750 et
930 1730 979 1750 an-

183 1768 260 1802 gelus
279 1768 379 1795 dicitur
400 1768 513 1802 spiritus
531 1772 556 1795 et
574 1767 665 1795 anima
685 1773 712 1795 et
727 1772 825 1796 ventus
842 1775 874 1794 ac
890 1768 979 1802 plera-

183 1819 238 1847 que
252 1813 315 1839 alia.
335 1812 375 1840 Ne
393 1818 484 1840 autem
503 1813 586 1840 alium
602 1813 728 1848 spiritum
745 1813 898 1843 audientes,
917 1819 978 1839 sus-

184 1858 310 1892 picentur
329 1858 412 1885 etiam
431 1859 508 1886 illum
520 1866 582 1886 esse
601 1859 628 1886 in
646 1866 738 1892 carne,
754 1866 786 1886 ac
802 1857 978 1886 sensibilibus

184 1904 322 1932 visibilem
339 1905 436 1938 oculis,
455 1905 511 1932 ait:

221 1951 300 1979 Vers.
320 1951 362 1979 ΓΙ.
381 1951 464 1984 Quem
481 1966 514 1971 —
528 1951 659 1986 accipere.
673 1951 732 1978 Non
748 1953 838 1986 potest
852 1950 978 1985 accipere

184 1997 365 2025 sensibiliter.

222 2043 298 2071 Vers.
312 2043 355 2070 Π.
373 2042 442 2077 Quia
455 2058 489 2062 —
504 2052 573 2071 eum.
600 2043 796 2078 Corporuliter,
813 2049 875 2070 cum
889 2041 924 2070 sit
937 2041 977 2068 in-

183 2089 344 2125 corporalis.

220 2134 299 2162 Vers.
331 2135 373 2161 17.
402 2134 457 2161 Nec
484 2136 616 2170 cognoscit
639 2144 709 2162 eum.
736 2136 803 2162 Cum
825 2134 901 2161 illum
923 2141 977 2160 non

183 2182 286 2209 videat.

1027 261 1217 297 Παράκλητον,
1233 263 1271 294 ὡς
1285 263 1347 298 ἐμὲ,
1363 265 1434 300 ἦτοι,
1449 267 1616 302 παραινέτην
1626 269 1672 295 καὶ
1685 268 1818 304 ἀλείπτην
1858 269 1881 285 ῖ⁴

1027 307 1056 333 ἐν
1085 308 1141 338 τοῖς
1160 307 1250 340 ἄθλοις
1277 308 1329 343 τῆς
1353 310 1471 345 ἀρετῆς,
1493 312 1537 338 καὶ
1561 312 1618 347 (10)
1638 312 1818 349 ψυχαγωγίαν
1860 308 1866 328 ί

1026 354 1055 380 ὲν
1077 355 1135 385 ταῖς
1156 354 1262 389 θλίψεσι
1285 355 1332 382 καὶ
1355 356 1507 392 ἀντίληψιν.
1523 358 1616 385 Εἰπὼν
1641 360 1690 394 μὲν
1704 358 1759 390 οὖν.
1777 361 1817 388 ὅτι
1872 361 1881 376 *

1027 400 1135 432 ἄλλον,
1153 400 1236 433 ἔδειξε
1256 401 1312 428 τῶν
1332 402 1507 430 ὑποστάσεων
1523 404 1554 431 τὸ
1574 405 1712 440 διάφορον⁸
1727 407 1818 442 φήσας

1026 446 1066 479 δὲ,
1085 446 1127 472 ὅτι
1146 446 1355 481 Παράκλητον,
1373 448 1475 481 ἐδίδαξε
1501 451 1550 485 τῆς
1569 451 1676 485 φύσεως
1699 452 1730 478 τὺ
1753 459 1818 479 ταυ-

1027 494 1084 521 τόν.
1102 493 1278 529 Παράκλητοι
1300 495 1354 530 γὰρ
1370 496 1417 522 καὶ
1433 496 1447 522 6
1464 496 1526 528 Υἱὸς
1541 497 1589 524 καὶ
1607 497 1639 524 τὸ
1653 498 1767 533 Πνεῦμα
1787 499 1816 525 τὸ

1027 539 1114 574 ἆγιον.

1062 583 1119 610 Οὐκ
1133 581 1194 610 εἷπε
1219 584 1310 617 δέ,ὄτι
1332 584 1454 619 Πέμψω,
1474 586 1517 612 ἴνα
1544 587 1582 622 μὴ
1606 588 1726 620 ἀντίθεος
1749 587 1817 616 εἶναι

1026 628 1090 665 δόξῃ
1106 638 1159 661 τις,
1173 629 1220 656 καὶ
1230 630 1269 661 ὡς
1285 629 1339 656 ἀπὸ
1361 630 1445 665 ἄλλης
1455 631 1528 663 τινος
1544 632 1670 664 ἐξουσίας
1683 635 1817 662 ποιεῖσθαι

1027 675 1091 707 τοὺς
1106 675 1213 710 λόγους.
1234 675 1315 702 Ἀλλὰ
1337 675 1385 702 νῦν
1401 677 1452 711 μὲν
1477 678 1614 712 ἐρωτῆσαι
1640 679 1685 704 τὸν
1709 680 1818 715 Πατέρα

1027 720 1222 756 ἐπηγγείλατο,
1247 720 1290 748 διά
1314 729 1343 747 τε
1363 721 1413 756 τὴν
1435 722 1564 757 ῥηθεῖσαν
1588 723 1688 755 αἰτίαν,
1706 725 1754 751 καὶ
1773 725 1816 751 ῐνα

1027 767 1139 803 λογισθῇ
1156 767 1323 801 ἀξιόπιστος.
1339 767 1446 803 Προϊὼν
1460 768 1488 795 δὲ
1502 769 1532 796 τὺ
1555 770 1654 797 οίκεῖον
1674 771 1816 804 ἐμφανίζει

1028 815 1146 850 ἀξίωμα,
1159 815 1261 849 λέγων·
1277 815 1348 843 Ἐὰν
1361 816 1418 851 ἐγὼ
1428 815 1470 850 μὴ
1482 816 1611 848 ἀπέλθω,
1628 818 1644 843 ό
1662 816 1817 851 Παράκλη-

1027 869 1079 894 τος
1089 861 1146 888 οὐκ
1160 861 1320 888 ἐλεύσεται
1336 861 1412 895 πρὸς
1423 859 1511 895 ὑμᾶς.
1539 861 1610 888 Ἐὰν
1621 861 1656 887 δὲ
1673 862 1816 895 πορευθῶ,

1027 905 1136 940 πέμψω
1160 906 1253 933 αὑτὸν
1280 905 1356 940 πρὸς
1385 905 1473 941 ὑμᾶς.
1503 905 1560 932 Καὶ
1589 905 1686 932 πάλιν·
1709 905 1817 932 Λάϐετε

1028 951 1149 986 Πνεῦμα
1162 951 1256 986 ἅγιον.

1069 998 1150 1024 Ἀλλὰ
1168 998 1226 1029 πῶς
1244 998 1310 1030 παρ’
1329 997 1408 1025 ἄλλου
1433 997 1535 1025 δίδοται
1557 997 1604 1024 καὶ
1624 997 1763 1031 πέμπεται
1785 996 1817 1023 τδ

1029 1044 1169 1079 πανταχοῦ
1195 1044 1292 1079 παρὸν,
1314 1044 1362 1071 καὶ
1375 1043 1498 1079 διαιροῦν
1524 1043 1578 1079 ίδίᾳ
1597 1043 1703 1076 ἑκάστῳ
1729 1042 1818 1073 καθὼς

1030 1090 1155 1125 βούλεται
1180 1091 1214 1116 τὰ
1244 1091 1418 1125 χαρίσματας
1446 1090 1501 1124 Οὐχ
1525 1089 1563 1121 ὡς
1586 1089 1697 1121 δοῦλον,
1713 1088 1819 1119 ἀλλ’ὡς

1028 1135 1156 1170 ὁμοφυὶς,
1172 1135 1218 1162 καὶ
1235 1135 1268 1162 τὰ
1281 1135 1351 1162 αὐτὰ
1369 1134 1408 1170 τῷ
1423 1134 1513 1170 Πατρὶ
1530 1136 1577 1162 καὶ
1589 1134 1628 1168 τῷ
1643 1133 1702 1168 Υῑῷ
1727 1132 1819 1168 βουλό-

1031 1190 1121 1217 μενον.
1143 1182 1181 1209 Οὐ
1202 1181 1257 1215 γὰρ
1271 1180 1365 1216 ὥσπερ
1389 1181 1436 1207 ἐπὶ
1455 1180 1509 1206 τῶν
1524 1179 1650 1211 mmet,
1671 1178 1744 1206 οὓτω
1765 1178 1811 1205 καὶ

1029 1227 1075 1254 ἐπὶ
1096 1227 1146 1261 τῆς
1167 1227 1294 1253 ἅκτίστου
1314 1225 1430 1260 Τριάδος
1450 1224 1485 1251 τὰ
1509 1223 1620 1251 τοιαῦτα
1646 1223 1816 1258 σημαίνουσι.

1030 1274 1084 1299 Καὶ
1100 1273 1199 1300 δίδοται
1217 1272 1265 1307 μὲν
1281 1272 1313 1298 ἐκ
1327 1271 1374 1298 τοῦ
1390 1270 1506 1305 Πατρδς,
1523 1270 1562 1301 ὡς
1579 1269 1608 1302 ἐξ
1633 1269 1715 1296 αὑτοῦ
1735 1270 1817 1296 ἐκπο-

1030 1317 1192 1354 ρευόμενον·
1208 1316 1348 1352 πέμπεται
1368 1316 1396 1343 δὲ
1421 1316 1498 1350 Παρὰ
1515 1315 1561 1342 τοῦ
1578 1314 1654 1345 Υίοῦ,
1672 1314 1708 1345 ὡς
1725 1321 1820 1348 συνερ-

1029 1363 1077 1397 γὸν
1103 1364 1150 1390 καὶ
1174 1362 1225 1389 οὐκ
1251 1361 1384 1388 ἐναντίον.
1406 1361 1462 1388 Νῦν
1485 1361 1534 1396 μὲν
1559 1358 1606 1387 οὖν
1629 1359 1745 1386 δίδοσθαι
1769 1358 1820 1385 καὶ

1030 1408 1188 1444 πέμπεσθαί
1202 1417 1269 1442 φητι
1292 1407 1319 1434 τὸ
1335 1407 1448 1442 Πνεῦμα
1459 1409 1489 1433 τὺ
1511 1405 1601 1440 ἅγιον·
1623 1405 1774 1441 προϐαίνων
1788 1403 1820 1431 δὲ

1030 1456 1077 1482 καὶ
1097 1455 1146 1491 τὴν
1171 1454 1265 1481 τούτου
1279 1454 1415 1481 δείκνυσιν
1441 1453 1576 1486 ἐξουσίαν,
1595 1453 1680 1486 λέγων
1695 1461 1702 1468 ·
1723 1451 1822 1477 Ὅταν

1030 1502 1064 1528 δὲ
1076 1502 1098 1535 (l
1107 1501 1129 1536 l)
1143 1501 1217 1535 ἔλθῃ
1234 1500 1358 1533 ἐκεῖνος.

1069 1546 1294 1574 Ἵνα-αἰῶνα.
1313 1546 1390 1581 Μηδὲ
1420 1546 1489 1581 μετὰ
1515 1545 1565 1581 τὴν
1589 1544 1717 1578 τελευτὴν
1742 1542 1822 1578 ὑμῶν

1029 1593 1225 1627 ἀφιστάμενος.
1244 1590 1310 1619 Εἶτα
1327 1592 1461 1626 διδάσκει,
1485 1591 1533 1618 καὶ
1554 1591 1596 1622 τίς
1615 1591 1690 1617 ἐστιν
1704 1591 1717 1615 ὁ
1740 1588 1822 1619 ἀλλος

1030 1637 1221 1672 Παράκλητος.

1067 1686 1102 1711 Τὸ
1118 1684 1240 1720 Πνεῦμα
1252 1684 1308 1719 τῆς
1319 1684 1474 1717 ἀληθείας.
1489 1684 1525 1710 Τὸ
1541 1683 1679 1718 ἀληθινὺν,
1707 1682 1767 1718 ἦτοι
1781 1681 1815 1708 τὸ

1030 1730 1171 1765 ἐξαίρετον
1199 1729 1269 1766 πρὸς
1289 1730 1324 1756 τὰ
1349 1730 1417 1757 ἄλλα
1444 1729 1599 1765 πνεύματα.
1629 1728 1740 1763 Πνεῦμα
1762 1727 1825 1762 γὰρ

1028 1777 1137 1811 λέγεται
1151 1775 1199 1803 καὶ
1211 1775 1225 1801 ό
1235 1775 1362 1810 ἄγγελος,
1375 1776 1422 1803 καὶ
1436 1776 1454 1812 ἠ
1474 1775 1547 1811 ψυχὴ
1563 1775 1610 1802 καὶ
1623 1776 1637 1802 ὁ
1648 1776 1747 1809 ἄνεμος
1770 1774 1825 1801 καὶ

1029 1823 1112 1859 ἕτερα
1130 1822 1250 1850 πλείονα.
1277 1823 1336 1849 Ἵνα
1362 1822 1391 1849 δὲ
1414 1822 1451 1858 μὴ
1478 1822 1644 1852 ἀκούσαντες
1667 1822 1706 1848 ὅτι
1736 1819 1827 1847 ἄλλον

1029 1868 1226 1905 παράκλητον,
1248 1868 1440 1894 ὑποπτεὺσωσι
1464 1869 1591 1894 κάκεῖνον
1620 1867 1752 1902 ἐνσαρκον
1771 1865 1827 1892 καὶ

1029 1915 1126 1950 ὁρατὸν
1141 1914 1280 1949 αἰσθητοῖς
1293 1914 1452 1949 ὀφθαλμοῖς,
1469 1914 1551 1950 φησίν
1567 1921 1575 1930 ⁸

1067 1962 1102 1987 Ὃ
1113 1975 1148 1981 -—
1163 1960 1279 1988 λαϐεῖν.
1295 1960 1332 1987 Οὐ
1347 1960 1459 1987 δύναται
1470 1960 1562 1986 λαὸεῖν
1575 1958 1722 1995 αἰσθητῶς.

1065 2042 1126 2068 Ὅτι
1138 2056 1174 2061 -
1187 2042 1271 2069 αὑτό.
1286 2041 1455 2077 Σωματικῶς
1469 2041 1631 2077 ’Δσώματον
1644 2041 1709 2075 γάρ.

1065 2132 1143 2159 Οὐδὲ
1156 2132 1296 2167 γινώσκει
1307 2133 1391 2159 αὐτό.
1405 2132 1452 2168 Μὴ
1468 2131 1531 2160 ἰδὼν
1545 2132 1622 2159 αὐτό.

219 2227 385 2262 lntelligitur
393 2231 483 2255 autem
500 2233 528 2255 et
541 2228 623 2256 aliter
636 2238 642 2256 ι
655 2229 727 2263 quod
743 2228 766 2256 is
780 2229 824 2256 cui
839 2229 975 2256 mundana

1068 2227 1177 2253 Νοεῖται
1190 2225 1218 2252 δὲ
1234 2226 1280 2253 καὶ
1295 2225 1409 2261 ἑτέρως,
1426 2226 1467 2253 ὅτι
1487 2227 1501 2253 ὁ
1526 2226 1648 2261 κοσμικὰ
1661 2225 1775 2261 φρονῶν
1798 2227 1832 2254 οὗ

184 2280 256 2301 curae
283 2278 356 2306 sunt,
378 2282 433 2301 non
457 2278 549 2309 potest
574 2273 649 2302 illum
674 2274 824 2309 suscipere.
840 2274 903 2309 quia
919 2283 976 2302 non

183 2319 258 2346 \‘idet
279 2327 353 2352 eum,
369 2319 503 2354 siquidem
521 2323 672 2348 exetecatus
689 2324 732 2348 est
747 2320 835 2347 oculis
854 2320 977 2347 intellec-

184 2365 304 2393 tualibus
322 2375 329 2392 :
358 2372 410 2392 nec
435 2365 577 2400 cognoscit
594 2373 668 2397 eum,
688 2373 749 2393 cum
772 2365 841 2393 nihil
859 2366 976 2395 sublime

183 2411 271 2446 possit
285 2411 447 2447 intelligere.

219 2456 299 2484 Vers.
318 2457 361 2484 17.
392 2457 442 2484 Vos
456 2473 491 2477 —
512 2466 582 2485 eum.
606 2459 806 2492 Propemodum
829 2459 906 2486 illum
928 2466 975 2487 co-

183 2503 324 2538 gnoscitis.
349 2503 416 2531 Nam
440 2510 503 2539 post
528 2505 610 2531 breve
629 2509 737 2540 tempus
761 2505 910 2532 descendet
940 2512 973 2532 ac

185 2549 294 2577 docebit
314 2558 372 2578 vos.

221 2594 279 2628 Vel,
295 2596 459 2632 cognoscitis
483 2605 545 2625 eum
572 2606 605 2624 ex
626 2598 678 2624 mei
708 2597 874 2633 cognitione.
897 2597 975 2625 Sicut

243 2679 265 2695 "
278 2679 356 2707 Joan.
373 2688 430 2712 xvi,
441 2682 468 2708 7.
541 2683 565 2699 θ’
589 2682 667 2710 Joan.
684 2691 730 2715 xx,
743 2683 789 2710 22.

1028 2273 1140 2300 δύναται
1153 2272 1333 2306 ὑποδέξασθαι
1344 2272 1420 2305 αὐτὸ,
1432 2272 1473 2299 ὃτι
1488 2272 1518 2299 οὐ
1530 2272 1628 2307 θεωρεῖ
1638 2271 1713 2303 αὐτὶ,
1726 2280 1814 2309 πεπη
1823 2288 1833 2294 -

1030 2319 1151 2355 peiusve;
1173 2318 1210 2345 ὢν
1232 2319 1295 2350 τοὺς
1314 2319 1426 2354 νοητοὺς
1452 2318 1624 2354 δψθαλμούς·
1650 2318 1711 2344 οὐδὲ
1737 2320 1834 2353 γινώ-

1030 2372 1090 2390 σκει
1109 2365 1188 2398 αὐτὸ,
1205 2364 1288 2400 μηδὲν
1302 2364 1404 2400 ὑψηλὸν
1417 2366 1518 2392 ἐννοεῖν
1535 2364 1645 2399 ἰσχύων.

1069 2449 1170 2484 ’Υμεῖς
1194 2465 1229 2471 —
1242 2451 1327 2478 αὑτό.
1343 2450 1492 2478 Γινώσκετε
1507 2451 1568 2478 ὅσον
1584 2449 1670 2478 οὔπω.
1696 2451 1760 2479 Οὐκ
1791 2453 1835 2485 είς

1033 2496 1142 2532 μακρὰν
1153 2496 1207 2531 γὰρ
1224 2496 1397 2532 ἐπιφοιτήσει
1413 2497 1461 2524 καὶ
1475 2497 1576 2530 διδάξει
1593 2498 1676 2531 ὑμᾶς.

1066 2598 1101 2624 ’Ἡ
1117 2596 1264 2631 γινώσκετε
1285 2596 1351 2623 αὐτὸ
1367 2595 1422 2623 ἀπὸ
1436 2597 1482 2623 τοῦ
1500 2596 1645 2632 γινώσκειν
1665 2597 1734 2634 ἐμέ.
1760 2599 1837 2626 ’Ὠσ-

845 2681 869 2697 ”
888 2682 897 2709 1
917 2682 976 2710 Cor.
992 2690 1040 2714 xu,
1059 2682 1100 2708 ll.

802 2763 900 2793 νει-ἰεῦ
924 2763 1075 2794 lectiones
1097 2767 1127 2793 et
1143 2767 1237 2794 uotte.

224 2845 280 2883 (10)
297 2846 351 2873 Hoc
366 2847 412 2883 καί
429 2854 483 2874 non
513 2846 635 2881 agnoscit
646 2846 771 2883 llenrtenii
787 2847 890 2883 versio.
918 2846 972 2883 Sed

1035 2846 1168 2883 :orrigere
1179 2845 1256 2883 πρρς.

189 2885 240 2906 nec
259 2887 298 2906 su:
315 2881 487 2915 acquiescere
503 2889 624 2916 possum.
646 2881 734 2910 Malim
750 2889 814 2918 ergo
829 2882 887 2910 loco
916 2882 973 2914 καί,

1066 2881 1169 2917 (ll)
1199 2881 1275 2908 abest
1303 2881 1338 2908 Α.
