1911 3074
18 177 80 211 ’401

490 156 682 209 COMMENT.
704 177 746 208 IN
766 177 957 211 JOANNEM.
972 178 1104 213 -ζοΑΡ,
1115 181 1195 212 XIV;

1570 179 1640 212 14οἓ

34 243 62 269 ερ
74 234 130 269 γὰρ
141 234 155 261 ό
167 233 303 269 νενοηκὼς
317 232 367 268 ἐμὲ
382 232 492 268 νενόηκε
507 233 552 260 τὸν
582 233 706 269 Πατέρα·
725 232 796 260 οὕτω

861 235 921 262 :nim
947 237 993 271 qui
1008 236 1084 264 novit
1111 245 1165 268 me.
1181 236 1258 264 novit
1276 241 1304 264 et
1319 237 1490 270 Patrem;ita
1509 245 1632 269 rursum.

35 281 92 308 ὶιλιν
151 280 286 315 νενοηκὼς
308 279 359 314 ἐμὲ
395 280 505 314 νενόηκε
530 279 560 306 τὺ
583 278 709 314 Πνεῦμα·
735 280 798 314 μιᾶς

35 335 65 361 ιρ
86 326 111 352 οῑ
130 326 204 360 τρεῖς
221 325 313 356 οὐσίας
333 325 380 351 καὶ
398 324 506 359 φύσεως
525 324 571 350 καὶ
589 323 731 359 δυνάμεως
751 323 798 349 καὶ

27 371 100 403 Ξίας.

44 417 113 443 ὀτι
132 432 163 437 ——
179 415 274 451 μένει.
303 416 408 451 Ὠσπερ
426 416 481 450 γὰρ
503 416 517 441 ὁ
539 414 634 450 Πατὴρ
654 423 704 448 μετ
729 414 797 448 ἐμοῦ

23 469 97 489 στιν·
113 461 185 488 οὕτω
195 462 244 488 καὶ
258 461 288 488 τὸ
303 461 430 497 Πνεῦμα·
446 460 596 495 ἀχώριστος
608 460 664 495 γὰρ
676 461 693 495 ἡ
709 468 798 495 μακα-

18 507 54 534 ›1α
74 507 173 542 Τριάς.

41 552 97 579 Kal
114 553 150 578 ἐν
165 551 236 586 ὑμῖν
247 552 343 579 ἔσται.
360 551 404 587 Μὴ
419 551 591 585 ἀποθνῆσκον
604 550 715 586 ζ12),ὡς
729 549 794 585 ἐγώ.

18 598 74 624 ωδε
86 598 141 631 γὰρ
157 596 369 632 ὲνηνθρώπησεν
392 597 429 629 ὡς
446 597 510 631 ἐγώ.
530 597 606 624 Ἐπεὶ
628 597 656 624 δὲ
677 596 796 624 τοσαῦτα

22 641 93 668 ἱπὼν
102 641 131 667 οὗ
137 650 178 667 πω
189 642 238 676 τὴν
249 642 367 676 ἀθυμίαν
378 642 467 668 αὐτῶν
480 641 617 673 ἐξέϐαλεν,
630 640 795 676 ἁδημονούν-

21 693 59 711 ων
75 685 117 711 ἔτι
129 686 175 712 καὶ
191 684 393 720 ἁλγυνομένων,
412 685 450 716 ὡς
461 685 587 720 ὀρφανῶν
599 685 649 720 ἤδη
660 685 795 719 καταλιμ-

18 730 182 765 εανομένων,
195 730 346 765 θεραπεύει
363 731 393 756 τὸ
404 730 524 757 τοιοῦτον
538 730 631 764 ἄλγος.

40 816 103 842 Οὐκ
112 815 317 849 -ὀρφανούς,
329 815 470 850 Πατρικῆς
483 815 685 850 εὐσπλαγχνίας
700 815 728 841 τὸ
745 814 795 850 ῥῆ-

19 869 58 892 ια,
78 860 179 895 πολλὴν
207 860 318 894 είσάγον
338 861 512 896 παράκλησιν
539 861 584 886 καὶ
603 860 791 895 ψυχαγωγίαν.

22 906 45 931 ’ὑ
58 905 231 932 παντάπασιν
244 906 342 940 ἀφήσω
356 906 428 940 ὑμᾶς
441 906 474 932 τὰ
486 905 579 932 τεκνία
592 914 654 940 μου.

807 898 831 927 Β

42 992 188 1026 Ἔρχομαι
204 992 275 1027 πρὸ(
293 991 380 1026 ὑμᾶς.
401 992 536 1028 Ἔρχομαι
555 992 636 1019 πάλιν
659 992 728 1026 μετὰ
746 991 796 1026 τὴν

29 1038 159 1071 τιήμερον
184 1039 352 1071 ἀνάστασιν,
375 1039 400 1065 εί
420 1039 467 1065 καὶ
491 1038 529 1074 μὴ
552 1039 590 1070 ὼς
609 1038 639 1064 τὺ
664 1038 795 1073 πρότερον

37 1084 199 1117 ινεσόμενος.

45 1129 110 1155 Ἔτι
122 1144 154 1150 -
171 1130 280 1164 θεωρεῖ.
300 1130 482 1157 ’Λποθανὸντα
494 1130 531 1162 ὠς
542 1131 695 1165 ἄνθρωπον.

49 1221 151 1256 ’Υμεῖς
178 1236 214 1241 -
238 1230 287 1256 με.
319 1221 550 1257 Ἐπιφαινόμενον
578 1221 644 1256 ὑμῖν
675 1221 707 1247 ἐκ
736 1222 797 1248 δια-

18 1268 190 1302 λειμμάτων,
210 1268 334 1299 συνόντος
360 1268 424 1302 ὑμῖν
450 1267 495 1294 ἀεὶ
522 1267 570 1293 τοῦ
597 1266 677 1294 ἄλλου
701 1267 796 1302 [lapa-

18 1314 121 1348 ιλήτου.

45 1359 110 1385 Ὀτι
133 1358 190 1394 ἐγὼ
204 1358 250 1389 ζῶ.
268 1359 322 1391 Ζῶ,
339 1358 420 1385 πάλιν
445 1357 565 1390 ἀναστὰς
582 1358 614 1384 ἐκ
628 1357 742 1392 νεκρῶν.

48 1450 100 1477 Καὶ
123 1451 209 1485 ὑμεῖς
233 1450 372 1484 ζήσεσθε.
400 1449 446 1485 Μὴ
473 1448 667 1484 ἀναιρούμενοι
696 1449 796 1476 αὐτίκα

18 1497 58 1523 ῖῦν
84 1498 158 1532 ἐμοὶ,
178 1497 236 1523 ἀλλ’
252 1497 304 1523 ὑπὸ
317 1497 366 1531 τῆς
389 1497 460 1532 ἐμῆς
485 1497 625 1532 δυνάμεως
645 1497 688 1532 ἐφ’
705 1497 795 1524 ἰκανὸν

18 1543 235 1578 τυντηρούμενοι.
248 1543 282 1569 ’11
300 1544 345 1570 καὶ
366 1543 446 1578 ὑμεῖς
460 1543 574 1578 ζήσεσθε
594 1543 663 1579 μετὰ
678 1544 793 1570 θάνατον

18 1588 60 1623 τὴν
74 1589 213 1624 μακαρίαν
226 1589 310 1623 ζωήν.

50 1634 102 1660 Ἐν
114 1649 149 1654 -
162 1643 231 1668 μου.
250 1635 294 1660 Ἐν
309 1634 399 1670 ἐκείνῃ
415 1635 448 1669 τῇ
463 1634 564 1669 ἡμέρᾳ,
596 1635 629 1668 τῇ
652 1634 703 1669 τῆς
731 1635 795 1661 ἀνα-

18 1680 131 1712 ῖτάσεὼς
145 1690 195 1716 μου
205 1681 337 1716 δηλονότι,
351 1680 487 1715 γνώσεσθε
495 1681 534 1706 ὅτι
548 1680 604 1714 ἐγὼ
613 1681 642 1706 ὲν
657 1680 695 1715 τῷ
708 1681 795 1717 Πατρι

18 1734 74 1758 λου,
90 1726 130 1752 ὅτι
156 1726 210 1760 ἐγὼ
229 1726 380 1761 ἀδιαίρετος
399 1725 447 1752 τοῦ
468 1725 573 1759 Πατρός
589 1733 652 1760 μου,
668 1726 697 1752 ὲν
711 1726 749 1760 τῷ
763 1726 797 1753 τὰ

18 1771 79 1797 tia-tit
95 1772 192 1806 ἐκείνῳ
209 1771 349 1799 δύνασθαι.

46 1819 100 1844 Καὶ
113 1832 148 1838 --
163 1818 245 1853 ὑμῖν.
261 1819 317 1845 Καὶ
327 1819 369 1845 ὃτι
385 1818 432 1844 καὶ
449 1818 528 1852 ὑμεῖς
542 1818 571 1845 ἐν
585 1817 646 1853 ἐμοὶ
662 1817 797 1852 φρουρού-

18 1873 87 1890 λενοι
105 1865 152 1891 καὶ
167 1864 357 1899 νευρούμενοι·
376 1864 454 1898 κάγὼ
468 1865 497 1890 ὲν
513 1864 588 1898 ὑμῖν,
606 1864 732 1899 φρουρῶν
751 1864 798 1889 καὶ

18 1908 115 1943 ρευρῶν
129 1909 212 1943 ὑμᾶς.
226 1909 365 1936 Γνώσεσθε
383 1909 410 1936 δὲ
427 1910 523 1941 ταῦτα,
534 1909 588 1936 τῶν
599 1909 703 1944 ἐχθρῶν
715 1917 799 1935 κατα-

18 1954 206 1990 πτελλομένων,
223 1955 299 1990 ὑμῶν
323 1955 599 1990 παρρησιαζομένων,
623 1954 671 1981 τοῦ
713 1954 797 1990 κηρύ-

18 2008 116 2035 γματος
133 2000 194 2027 καθ’
211 2000 329 2035 ἑκάστην
348 2000 492 2032 ἀνθοῦντος
512 1999 560 2035 τὴν
575 2000 691 2035 ἡμέραν.

51 2047 80 2073 '0
97 2048 145 2082 μὲν
164 2047 210 2074 οὖν
225 2042 340 2081 Χριστὸς
354 2048 382 2073 ἐν
397 2046 435 2080 τῷ
453 2047 551 2082 ﬂat-cpi,
566 2047 635 2074 κατὰ
655 2046 733 2080 λόγον
748 2048 800 2073 ἰσο-

18 2093 158 2128 Βυναμίας·
181 2094 206 2120 οἱ
229 2093 256 2119 δὲ
279 2092 423 2119 ἀπόστολοι
445 2093 474 2120 ὲν
497 2092 580 2127 αὐτῷ,
601 2094 646 2119 καὶ
670 2091 751 2123 αΰτὸς
770 2094 799 2120 ὲν

18 2139 112 2171 ιὺτοῖς,
140 2139 210 2166 κατὰ
233 2139 312 2172 λόγον
342 2138 479 2173 βοηθείας.
503 2136 563 2164 Οἵδε
588 2138 642 2173 γὰρ
663 2139 680 2173 ὴ
702 2138 799 2174 Γραφὴ

18 2184 141 2217 πολλάκις
152 2185 209 2215 τοῖς
221 2184 312 2215 αὐτοῖς
325 2184 443 2219 ῥήμασιν
456 2184 502 2210 ἐπὶ
515 2183 583 2210 Θεοῦ
593 2184 640 2211 καὶ
648 2184 798 2219 ἀνθρώπων

850 281 896 316 qui
912 283 987 309 novit
1004 290 1056 314 me.
1073 283 1149 310 novit
1163 287 1190 310 et
1204 282 1336 316 Spiritum
1349 287 1485 310 sanctum.
1499 282 1565 310 Nam
1582 287 1638 311 tres

849 327 931 354 unius
950 332 1015 355 sunt
1038 329 1197 356 substantia;
1212 336 1243 356 ac
1260 332 1377 362 natum,
1401 328 1530 363 potentia:
1547 336 1579 356 ac
1593 329 1638 356 di—

848 372 969 407 gnitntis.

885 417 961 444 Vers.
978 418 1021 445 17.
1041 418 1108 451 Quia
1124 433 1161 439 —
1179 423 1278 446 manet.
1297 418 1375 446 Sicut
1394 418 1468 445 enim
1486 417 1566 446 Pater
1579 426 1646 449 me-,

848 469 910 488 cum
941 466 994 496 est.
1024 462 1060 489 ita
1091 467 1119 489 et
1148 462 1269 497 Spiritus
1295 466 1418 490 sanctus.
1453 461 1664 499 lnseparabile‘

848 506 984 541 siquidem
1004 512 1045 534 est
1060 508 1139 535 beata
1155 508 1287 535 Trinitas.

886 551 960 580 νει-ε.
987 553 1030 580 17.
1051 553 1084 580 Et
1102 554 1129 580 in
1160 554 1230 580 vobis
1255 554 1315 580 erit.
1333 553 1391 580 Non
1416 552 1551 586 moriens,
1563 552 1636 579 sicut

846 605 895 633 ego
912 605 1022 633 :neque
1035 599 1108 626 enim
1133 599 1292 626 inmrnatus
1310 603 1363 629 est.
1385 598 1457 625 sicut
1480 605 1540 633 ego.
1561 596 1630 630 Quia

846 650 915 670 vero
941 651 1004 671 cum
1024 649 1077 671 tam
1099 644 1183 671 multa
1205 643 1328 676 dixisset,
1356 642 1477 669 nondum
1497 640 1636 668 tristitiam

845 689 951 715 illorum
969 689 1116 723 repulerat.
1132 689 1194 723 quia
1213 689 1331 724 graviter
1352 688 1441 715 adhuc
1461 687 1586 714 ferebant
1601 693 1633 713 ac

845 733 1007 766 ntcerebant,
1026 738 1055 760 ut
1072 733 1117 768 qui
1133 734 1186 768 iam
1199 733 1314 768 orphani
1331 733 1563 767 relinquerentur,
1576 731 1631 758 hu-

842 778 963 813 jusmodi
980 784 1057 806 curat
1074 779 1243 806 mmstitiam.

884 824 961 852 Vers.
979 825 1020 853 18.
1035 825 1138 852 Νοη-
1155 825 1298 860 ογρΙιαιιοδ.
1311 825 1436 852 Paterna:
1453 823 1637 852 miserationis

844 870 956 897 verbum
985 875 1037 905 est,
1064 871 1176 898 multam
1207 871 1327 898 alicrcns
1360 871 1576 898 consolationem
1603 877 1636 896 ac

846 917 1248 952 oblectationem.Nequaquam
1269 925 1316 945 vos
1328 917 1477 944 relinouam
1500 916 1636 951 orpltanos

848 962 895 997 qui
910 962 956 990 ﬁlii
974 963 1026 990 mei
1040 963 1116 990 estis.

883 1007 962 1035 Vers.
981 1009 1023 1036 18.
1052 1009 1156 1036 Veniant
1175 1010 1209 1036 ad
1232 1018 1286 1036 vos.
1313 1009 1428 1036 Veniam
1451 1015 1559 1035 rursum
1573 1010 1637 1041 post

850 1053 920 1080 tertii
931 1053 984 1080 diei
1001 1055 1241 1087 resurrectionem,
1253 1062 1408 1089 quanquam
1425 1061 1491 1085 non,
1503 1057 1533 1079 ut
1547 1052 1634 1086 prius,

850 1105 1028 1126 εοηνρτεαηε.

883 1142 963 1170 Vers.
985 1143 1027 1171 l9.
1046 1143 1138 1170 Adhuc
1151 1157 1187 1163 —
1198 1143 1306 1171 uidebit.
1322 1141 1390 1170 Cum
1409 1147 1536 1176 tanquam
1553 1142 1636 1168 ltomo

849 1189 963 1216 moriar.

885 1233 960 1260 Vers.
973 1233 1016 1260 19.
1033 1232 1080 1260 Vos
1095 1248 1128 1254 —
1141 1241 1195 1260 me.
1207 1233 1389 1267 Apparentetn
1405 1233 1479 1259 vobis
1488 1240 1537 1267 per
1553 1231 1638 1258 inter-

847 1279 929 1306 missa
951 1283 1082 1313 tempora,
1098 1283 1277 1305 conversante
1294 1285 1403 1306 semper
1420 1278 1558 1305 vobiscum
1582 1276 1636 1303 alio

846 1323 998 1351 Paracleto.

883 1370 959 1397 Vers.
981 1370 1022 1398 19.
1043 1370 1112 1403 Quia
1136 1377 1182 1405 ego
1196 1370 1294 1397 vivam.
1309 1369 1402 1397 Vivam
1424 1377 1517 1396 rursus
1533 1377 1547 1396 a
1562 1376 1636 1396 mor-

848 1415 900 1442 tuis
916 1422 1068 1448 resurgens.

881 1460 959 1487 Vers.
989 1459 1032 1487 19.
1061 1459 1096 1486 Ει
1123 1467 1167 1486 vos
1202 1459 1302 1486 viuetis.
1328 1458 1388 1485 Non
1415 1458 1505 1485 statim
1530 1463 1636 1484 mecum

847 1505 1000 1536 interfecti.
1014 1505 1077 1532 -sed
1099 1511 1159 1531 mea
1176 1504 1275 1531 virtute
1296 1503 1383 1530 multo
1403 1503 1491 1530 adhuc
1515 1506 1637 1536 tempore

848 1551 1010 1578 conservati.
1031 1550 1090 1582 Vel,
1119 1557 1168 1577 vos
1191 1549 1287 1577 vivetis
1317 1548 1399 1575 etiam
1429 1551 1491 1583 post
1519 1551 1633 1573 mortem

848 1598 903 1625 vita
918 1597 1007 1624 beata.

884 1642 960 1670 Vers.
978 1642 1169 1670 20.!n—meo.
1180 1642 1209 1669 In
1220 1641 1266 1669 illo
1281 1641 1334 1673 die,
1349 1639 1557 1668 resurrectionis
1570 1645 1637 1666 mem

846 1688 984 1720 videlicet.
1001 1688 1179 1721 cognoscetis.
1201 1687 1274 1722 quod
1296 1695 1344 1721 ego
1359 1694 1374 1713 ει
1390 1686 1469 1713 Patre
1485 1693 1546 1712 meo
1565 1683 1636 1711 indi-

847 1732 922 1760 risus
939 1732 1001 1762 sim.
1014 1732 1109 1759 eadem
1126 1736 1223 1767 potens
1236 1739 1297 1758 cum
1314 1731 1371 1758 illo.

884 1823 952 1851 νει-ε
971 1823 1008 1850 90
1031 1825 1065 1850 Et
1077 1823 1203 1850 —-vobt‘s.
1221 1822 1254 1849 Et
1276 1821 1348 1856 quod
1365 1829 1413 1847 vos
1438 1821 1518 1847 ctiam
1537 1820 1564 1846 in
1581 1827 1635 1850 me,

851 1869 978 1897 custoditi
999 1876 1030 1896 ac
1053 1868 1172 1896 roborati
1190 1877 1198 1896 :
1220 1872 1248 1895 et
1262 1874 1311 1902 ego
1332 1866 1358 1893 in
1374 1866 1460 1898 vobis,
1477 1865 1635 1893 custodiens

848 1924 880 1943 ac
892 1916 1026 1943 roborans
1042 1922 1097 1942 vos.
1117 1914 1180 1942 l‘ltec
1202 1918 1291 1941 autem
1310 1912 1490 1946 cognoscetis,
1507 1910 1637 1945 repressis

851 1961 983 1994 inimicis,
996 1960 1128 1995 vobisque
1143 1960 1229 1987 libere
1241 1958 1426 1994 loquentibus,
1441 1965 1473 1984 ac
1491 1956 1637 1990 Evangelio

850 2008 878 2035 in
898 2007 956 2035 dies
971 2006 1094 2034 ﬂorente.

884 2053 1008 2080 Christus
1021 2052 1110 2087 itaque
1124 2052 1150 2078 in
1163 2053 1255 2085 Patre,
1270 2051 1375 2077 ratione
1403 2049 1525 2084 ejusdem
1539 2052 1638 2083 poten-

851 2099 913 2132 tite;
931 2097 1046 2134 apostoli
1068 2105 1133 2125 vero
1146 2097 1173 2124 in
1191 2104 1224 2124 eo
1236 2102 1262 2123 et
1275 2097 1332 2131 ipse
1348 2095 1376 2121 in
1392 2094 1453 2126 illis.
1470 2094 1573 2121 ratione
1588 2101 1638 2120 au-

850 2144 918 2172 xilii.
936 2143 1076 2178 Siquidem
1092 2142 1168 2169 novit
1188 2141 1346 2176 frequenter
1374 2139 1516 2174 Scriptura
1535 2137 1638 2165 eisdem

850 2190 942 2218 verbis
952 2194 979 2216 et
992 2189 1025 2216 de
1042 2188 1096 2216 Deo
1105 2194 1132 2215 et
1144 2187 1253 2215 homine
1268 2185 1373 2221 positis.
1382 2192 1438 2212 non
1450 2184 1574 2211 similiter
1588 2184 1637 2210 uti.

18 2231 149 2265 κειμένοις
176 2231 226 2265 οὐχ
250 2230 351 2264 ὁμοίως
373 2230 536 2265 κεχρῆσθαι.
562 2230 617 2257 Καὶ
645 2231 660 2257 ὁ
681 2231 796 2265 Χριστὸς

861 2236 920 2263 iam
937 2239 964 2261 et
983 2233 1109 2261 Christus
1128 2236 1157 2259 et
1172 2239 1223 2259 nos
1244 2231 1291 2258 lilii
1315 2230 1362 2257 Dei
1384 2237 1416 2257 ac
1441 2229 1485 2256 dei
1510 2229 1638 2260 dicimur,

18 2278 74 2313 γὰρ,
90 2279 136 2305 καὶ
156 2278 241 2313 ἡμεῖς
267 2277 320 2302 υἱοὶ
337 2276 404 2302 Θεοῦ
432 2277 479 2301 καὶ
496 2275 552 2301 θεοὶ
577 2275 729 2310 λεγόμεθα,
751 2276 799 2302 καὶ

18 2323 92 2349 εικὼν
107 2324 188 2356 Θεοῦ,
203 2323 250 2350 καὶ
262 2322 324 2354 δόξα
341 2322 408 2348 Θεοῦ
418 2330 425 2337 ·
439 2322 507 2348 ἀλλὰ
519 2321 586 2348 πολὺ
603 2322 633 2349 τὸ
656 2321 796 2357 διάφορον.

18 2368 72 2394 Καὶ
84 2368 168 2395 πολλὰ
185 2367 319 2402 πολλαχοῦ
335 2366 456 2393 τοιαῦτα.

849 2286 877 2309 et
895 2281 983 2315 imago
1002 2286 1033 2306 ae
1048 2278 1131 2314 gloria
1155 2278 1203 2304 Dei
1221 2277 1289 2304 :sed
1303 2283 1400 2312 magna
1418 2280 1458 2303 est
1474 2275 1638 2308 dilIerentia,

849 2332 876 2355 et
888 2326 972 2353 multa
984 2324 1066 2351 variis
1079 2324 1107 2351 in
1120 2323 1186 2351 locis
1201 2323 1301 2350 similia
1323 2322 1511 2349 inveniuntur.

55 2413 83 2439 ’0
98 2423 187 2448 -με,
209 2414 266 2440 Οὺκ
283 2414 362 2449 ἀρκεῖ
378 2412 431 2448 γὰρ
452 2412 483 2439 τὸ
499 2411 571 2447 ἔχειν
593 2412 678 2444 αὑτὰς
707 2413 797 2447 μόνον,

18 2459 84 2486 ἀλλὰ
99 2460 151 2496 χρὴ
160 2460 206 2487 καὶ
223 2461 309 2486 ποιεῖν
322 2460 416 2490 αὑτάς.
428 2458 517 2485 Εἰπὼν
532 2459 560 2485 δὲ
575 2459 654 2485 τοῦτο
670 2459 716 2485 καὶ
729 2458 798 2492 πρό-

18 2513 105 2540 τερον,
119 2505 191 2539 λέγει
205 2505 270 2531 αὐτὸ
285 2505 331 2531 καὶ
346 2505 404 2537 νῦν,
423 2504 563 2538 ἐμφαίνων
575 2504 615 2530 ὅτι
629 2504 677 2538 τῆς
689 2504 800 2540 ἀγάπης

18 2550 99 2576 αὑτοῦ
115 2553 236 2586 σημεῖον,
253 2551 282 2576 οὺ
302 2551 333 2577 τὺ
354 2551 469 2584 ἀθυμεῖν
486 2551 532 2576 ἐπὶ
550 2549 588 2585 τῷ
605 2550 737 2585 χωρισμῷ
751 2551 800 2577 αὺ-

18 2595 64 2621 τοῦ
76 2603 82 2610 ·
97 2596 173 2623 τοῦτο
189 2596 243 2631 γὰρ
262 2596 362 2627 δειλίας
380 2596 480 2630 μᾶλλόν
498 2597 590 2623 ἔστιν’
606 2595 675 2623 ἀλλὰ
696 2596 728 2623 τὸ
749 2605 800 2631 φυ-

20 2640 129 2668 λάσσειν
141 2643 189 2674 τὰς
203 2642 311 2673 ἐντολὰς
322 2642 414 2669 αὐτοῦ.

61 2686 93 2713 '0
108 2702 141 2707 —
156 2689 257 2716 αὐτόν.
288 2689 342 2715 Καὶ
367 2688 422 2722 ἐγὼ
445 2688 483 2718 ὡς
505 2688 574 2723 μετὰ
599 2688 629 2715 τὸ
652 2688 802 2724 ἀναστῆναι

21 2733 211 2766 (inaurato-.51;
226 2735 265 2765 εἰς
277 2734 306 2760 τὸ
318 2734 449 2769 πρότερον
459 2734 579 2769 ἀξίωμα.
596 2734 666 2767 Ὅρα
685 2734 713 2760 δὲ
736 2735 802 2761 ϐαυ-

887 2417 965 2444 Vers.
985 2415 1030 2442 2|.
1048 2415 1098 2447 Qui
1113 2430 1147 2435 —
1161 2423 1211 2441 me.
1227 2414 1319 2449 Neque
1330 2414 1402 2441 enim
1413 2413 1512 2441 sufﬁcit
1539 2420 1570 2440 ea
1582 2418 1642 2440 tan-

854 2467 911 2489 tum
929 2461 1041 2493 habere.
1057 2461 1104 2488 sed
1125 2465 1152 2488 et
1166 2460 1254 2488 facere
1271 2460 1315 2487 illa
1332 2464 1448 2494 oportet.
1468 2459 1536 2486 Cum
1549 2463 1641 2485 autem.

855 2509 906 2536 hoc
923 2508 1041 2543 primum
1055 2507 1178 2536 dixisset.
1198 2514 1272 2533 nunc
1293 2513 1401 2532 rursum
1420 2505 1491 2532 idem
1506 2505 1578 2536 dicit.
1595 2512 1641 2531 os-

856 2555 970 2582 tendens
981 2553 1052 2588 quod
1069 2552 1222 2580 dilectionis
1241 2553 1327 2587 ipsius
1346 2552 1451 2586 signum
1470 2558 1524 2578 non
1537 2554 1579 2578 est
1592 2551 1641 2577 ilo-

854 2600 912 2628 Iere
930 2600 963 2627 de
983 2599 1154 2634 separatione
1169 2599 1244 2633 ejus;
1264 2606 1327 2626 nam
1344 2598 1370 2625 id
1387 2597 1538 2624 timiditatis
1554 2596 1643 2631 potius

854 2651 906 2677 est,
924 2645 971 2672 sed
986 2648 1119 2679 praecepta
1138 2643 1197 2677 ejus
1215 2650 1336 2670 servare.

890 2689 968 2718 νει-ε.
984 2689 1030 2716 al.
1049 2689 1100 2721 Qui
1122 2696 1229 2715 —eum.
1244 2689 1277 2716 Et
1293 2696 1354 2724 ego,
1375 2694 1503 2723 tanquam
1521 2691 1583 2722 post
1601 2693 1645 2714 re-

855 2734 1052 2762 surrectionem
1083 2735 1110 2761 in
1136 2733 1278 2768 pristinam
1305 2733 1448 2761 restitutus
1472 2731 1644 2767 dignitatem.

596 2821 694 2852 Vario:
710 2821 862 2853 lectiones
878 2825 907 2853 et
923 2825 1017 2854 notae.

60 2869 114 2905 (1‘2)
138 2870 336 2906 Ἀποθνήσκων,
356 2871 388 2899 Α.
