1911 3074
111 181 178 214 1425

571 185 764 217 COMMENT.
783 186 826 216 IN
845 185 1035 218 JOANNEM.
1053 199 1089 207 -
1107 189 1187 220 CAP.
1207 190 1283 221 XVI.

1668 191 1736 224 1426

108 242 161 277 γὰρ
179 240 213 268 ἂν
233 241 399 277 ἁμαρτωλὸς
416 241 465 269 καὶ
485 242 588 275 πλάνος
608 244 656 271 καὶ
678 245 837 280 παράνομος
852 244 895 271 καὶ

956 246 1086 280 quomodo
1122 255 1240 282 namque
1286 252 1414 284 peccator
1443 256 1475 277 ac
1495 248 1633 282 seductor,
1669 250 1735 285 legis

108 286 234 318 ἀντίθεος
264 287 411 322 πορευθείη
434 287 503 322 πρὸς
520 288 566 315 τὸν
587 288 693 316 δίκαιον
708 291 755 317 καὶ
769 289 896 325 ἀληθινὸν

110 332 156 358 καὶ
174 332 326 368 νομοθέτην
342 334 390 360 καὶ
406 333 494 367 Θεόν;

144 426 199 453 Καὶ
216 425 300 453 πόθεν
321 427 402 462 δῆλον
420 428 462 454 ὅτι
480 428 548 463 πρὸς
571 429 618 457 τὸν
633 429 700 457 Θεὸν
718 430 774 466 (55)
790 431 896 466 ἀπῆλθε

110 471 156 497 καὶ
178 471 304 498 σύνεστιν
328 473 419 508 αὺτῷ;
439 473 543 508 Πόθεν;
565 475 632 502 Ἀπὸ
654 476 704 511 τῆς
731 476 778 503 τοῦ
817 477 895 511 ἁγίου

112 517 271 551 ίίνεύματος
289 519 455 553 μαρτυρίας,
479 519 530 554 τῆς
544 520 578 547 δι’
599 521 762 556 stupeam;
785 523 834 550 καὶ
849 532 896 558 ση-

113 562 205 596 μείων,
213 562 251 594 ὡς
269 564 442 599 προείρηται,
456 565 502 592 ἐπὶ
527 565 568 602 τῷ
581 567 694 602 ὀνόματι
720 569 803 596 αὐτοῦ
824 577 897 604 γινο-

112 608 195 642 μένης
213 608 280 644 (56)-

145 654 245 681 Οὺκέτι
260 655 288 682 δὲ
315 656 444 693 θεωρεῖτέ
463 666 508 693 με,
539 658 609 693 μετὰ
626 660 676 695 τῆς
698 660 746 687 νῦν
773 661 896 697 δηλονότι

110 700 215 733 ἀδοξίας
247 702 294 729 καὶ
321 703 478 736 εὐτελείαςο
494 704 605 740 ἔμελλον
641 708 696 743 γὰρ
714 708 796 735 αὐτὸν
818 710 895 745 ὁρᾷν,

110 747 167 774 ἀλλ’
181 748 230 783 οὐχ
248 748 286 780 ὡς
302 749 332 775 τὸ
347 750 489 786 πρότερον.

145 794 215 826 Περὶ
223 795 404 828 -κέκριται,
415 797 474 823 Ὀτι
482 798 495 823 6
508 798 632 830 διάϐολος
640 801 839 837 κατακέκριται
851 804 897 830 καὶ

112 840 276 874 ἔκὸέό).ηται
291 841 341 874 τῆς
350 842 512 875 δυναστείας
527 845 621 879 αὑτοῦ,
635 847 734 881 μηκέτι
746 848 896 883 δυνάμενος

111 885 178 915 ὅλως
195 885 289 920 φέρειν
303 886 334 913 τὸ
348 888 414 922 ἐμὺν
431 887 527 923 ὄνομα,
537 890 604 917 ἀλλὰ
620 895 778 927 παραυτίκα
793 895 896 930 δραπε-

110 931 207 959 τεύων.
233 933 294 965 Πῶς
309 934 332 960 δ’
346 934 379 961 ἂν
399 935 479 963 τοῦτο
505 937 653 971 πέπονθεν,
667 940 692 966 εί
721 941 798 975 φίλον
816 942 896 970 αὐτὸν

111 975 193 1012 εἶχον,
210 978 247 1010 ὡς
265 979 291 1006 οἱ
307 983 420 1017 πονηροὶ
448 983 590 1018 λέγουσιν·
612 986 653 1013 ὄτι
668 988 698 1013 ἐν
716 988 755 1023 τῷ
785 989 897 1022 Βεελζε-

111 1023 175 1070 ϐουλ
191 1024 302 1060 ἄρχοντι
324 1027 379 1054 τῶν
397 1028 545 1061 δαιμονίων
564 1031 687 1059 ἐκϐάλλω
702 1033 736 1060 τὰ
760 1035 895 1070 δαιμόνια,

111 1069 158 1095 καὶ
179 1069 219 1096 ὅτι
234 1070 374 1105 δαιμόνιον
389 1072 454 1109 ἔχω,
466 1074 514 1101 καὶ
529 1076 564 1103 τὰ
575 1077 687 1105 τοιαῦτα
698 1088 721 1111 ;γ

143 1157 201 1184 Ἵνα
223 1158 252 1185 δὲ
274 1159 320 1186 τὸν
337 1159 416 1194 λόγον
442 1161 742 1200 ἀνακεφαλαιώσωμεν,
770 1166 894 1202 Ἐλθὼν,

111 1205 203 1239 φησιν,
218 1207 234 1232 ὀ
245 1207 439 1241 Παράκλητος
450 1208 567 1244 ἐλέγξει
580 1211 652 1244 τοὺς
666 1215 818 1248 πονηρούς
827 1223 834 1230 ι
848 1216 896 1242 ἐπὶ

110 1251 233 1287 ἁμαρτίᾳ
251 1253 300 1287 μὲν
314 1254 354 1280 ὅτι
367 1255 566 1290 ἁμαρτάνουσι,
580 1258 617 1293 μὴ
637 1259 812 1292 πιστεύοντες
834 1261 876 1289 ἔτι
886 1270 893 1277 ·

111 1296 157 1322 ἐπὶ
165 1296 322 1335 δικαιοσύνῃ
332 1299 371 1332 δὲ,
380 1300 420 1326 ὃτι
429 1300 534 1333 δίκαιος
543 1302 598 1337 ἐγὼ
607 1304 653 1330 καὶ
661 1305 709 1340 οὐχ
720 1305 894 1342 ἁμαρτωλὸς,

110 1343 147 1388 ᾡς
162 1343 240 1369 αὐτοὶ
255 1344 398 1378 λέγουσιν·
410 1347 457 1373 ἐπὶ
477 1348 567 1382 κρίσει
587 1349 615 1376 δὲ
632 1350 693 1384 ἤτοι
720 1354 894 1388 κατακρίσει,

109 1387 151 1434 ὅτι
167 1390 365 1426 κατακέκριται
382 1392 396 1418 ὁ
408 1392 500 1427 ἄρχων
512 1394 567 1421 τῶν
577 1394 736 1430 δαιμονίων,
750 1397 788 1429 ὠς
798 1398 894 1434 exop»;

110 1433 159 1460 καὶ
172 1435 203 1461 σὺ
221 1435 298 1470 φίλος
311 1445 374 1472 μου.

147 1520 211 1547 Ἔτι
228 1536 263 1541 -
278 1521 353 1555 ἄρτι.
375 1523 493 1555 Ἀτελεῖς
508 1524 585 1557 ὄντες
608 1525 660 1559 ἔτι,
685 1528 733 1554 καὶ
749 1529 834 1564 μήπω
849 1531 895 1559 διὰ

948 295 1148 327 transgressor,
1205 293 1309 329 Deique
1356 295 1539 328 adversarius,
1581 296 1736 330 perveniret

947 338 980 365 ad
1013 345 1076 365 eum
1113 339 1159 373 qui
1192 339 1283 374 justus
1308 345 1360 374 est,
1401 349 1492 375 verax,

947 384 1020 412 Deus
1031 385 1042 411 ?

983 432 1035 460 Sed
1051 433 1121 461 unde
1146 434 1319 462 manifestum
1338 434 1402 466 erit,
1422 434 1495 469 quod
1508 435 1540 462 ad
1556 435 1640 462 Deum
1656 435 1736 462 abeat

947 482 975 505 et
984 485 1046 506 cum
1065 487 1097 507 eo
1113 479 1170 507 sit?
1184 480 1271 508 Unde.
1290 481 1312 507 A
1333 480 1452 516 Spiritus
1468 481 1553 508 sancti
1568 482 1734 510 testimonio.

947 525 1227 559 perilluslrationem,
1242 530 1272 554 ut
1298 527 1401 554 dictum
1427 531 1481 561 est,
1509 535 1540 554 ac
1562 527 1650 563 signa,
1677 535 1736 562 qua:

948 578 997 605 per
1013 578 1113 599 nomen
1134 572 1194 608 ejus
1204 573 1329 600 edantur.

1538 341 1677 377 legislator
1704 349 1736 368 ac

981 655 1098 683 Posthac
1111 661 1201 683 autem
1212 665 1266 684 non
1287 657 1410 685 videbitis
1425 666 1478 690 me,
1493 665 1554 685 cum
1572 658 1624 685 hac
1639 657 1737 685 videli-

947 705 991 729 cet
1008 702 1156 737 ignominia
1180 707 1206 730 ct
1224 703 1388 738 abjcctione,
1413 703 1547 738 siquidem
1561 702 1646 730 visuri
1675 709 1736 729 eum

948 751 1038 780 erant,
1053 748 1099 775 sed
1117 756 1170 775 non
1185 753 1214 776 ut
1235 749 1322 783 prius.

985 793 1061 820 Vers.
1080 793 1123 821 ll.
1143 793 1180 820 De
1193 809 1228 813 -—
1238 794 1375 829 judicatus
1388 799 1436 822 est.
1452 795 1520 828 Quia
1533 794 1658 822 diabolus
1673 797 1739 821 σου·

948 839 1090 867 demnatus
1116 844 1167 872 est,
1186 844 1213 867 et
1239 844 1442 875 potentatnsno
1468 841 1582 875 eiectus,
1606 847 1660 867 non
1691 846 1739 873 po—

948 885 1133 918 tensposthac
1159 893 1252 912 meum
1267 885 1380 914 omnino
1395 886 1467 914 ferre
1478 893 1588 918 nomen,
1617 885 1664 912 sed
1682 889 1738 911 Sta-

949 929 997 955 tim
1020 929 1149 964 fugiens:
1166 931 1315 965 quomodo,
1335 932 1463 964 obsecro,
1491 931 1517 959 id
1537 931 1574 958 illi
1595 930 1738 964 continge—

948 980 1000 1007 ret,
1014 977 1037 1003 si
1050 977 1167 1004 amicum
1178 985 1240 1004 eum
1257 978 1397 1011 haberem.
1427 977 1511 1005 veluti
1546 977 1643 1005 dicunt
1663 977 1736 1003 mali.

948 1022 1021 1056 quod
1045 1030 1093 1057 per
1121 1022 1265 1050 Beelzebul
1297 1024 1448 1058 principem
1474 1022 1671 1051 daemoniorum
1687 1022 1736 1055 ρῇ-

948 1065 1018 1092 ciam
1032 1066 1166 1094 daemonia
1180 1067 1212 1100 ‘9,
1237 1068 1363 1102 quodque
1390 1067 1553 1095 daemonium
1572 1067 1685 1095 habeam
1704 1066 1737 1098 '9,

948 1117 977 1140 et
990 1116 1089 1139 caetera
1103 1112 1261 1148 huiusmodi
1273 1113 1291 1140 ’ρ’

984 1157 1020 1186 Ut
1041 1162 1133 1185 autem
1163 1165 1320 1186 sermonem
1353 1159 1511 1187 summatim
1542 1159 1701 1194 colligamus
1726 1165 1733 1184 :

948 1204 1016 1232 Cum
1035 1205 1134 1232 venerit
1161 1205 1329 1236 Paracletus.
1355 1209 1449 1240 arguet
1483 1206 1608 1232 mundum
1626 1205 1657 1231 de
1679 1212 1739 1240 pec-

948 1254 1021 1282 cato,
1041 1251 1104 1284 quia
1125 1254 1250 1285 peccant,
1272 1250 1319 1285 qui
1343 1250 1434 1277 adhuc
1453 1258 1507 1277 non
1539 1249 1676 1283 credunt;
1706 1249 1739 1277 de

944 1295 1051 1330 jmtitia
1067 1301 1168 1327 autem.
1185 1296 1249 1331 quia
1259 1296 1350 1331 justus
1368 1304 1419 1332 ego
1440 1304 1500 1323 sum
1519 1300 1547 1323 et
1571 1303 1625 1323 non
1637 1303 1735 1331 pecca-

948 1345 1001 1374 tor,
1017 1341 1087 1369 sicut
1102 1341 1152 1377 ipsi
1166 1341 1280 1375 (licunt;
1300 1343 1331 1369 de
1357 1343 1460 1377 judicio
1489 1350 1564 1374 vero,
1586 1342 1644 1370 sire
1671 1349 1738 1370 con-

948 1388 1135 1426 demnaﬁone,
1178 1389 1241 1423 quia
1287 1389 1486 1417 condemnatus
1530 1393 1573 1416 est
1612 1389 1739 1424 princeps

948 1434 1301 1470 daemoniorum,_tanquam
1321 1435 1460 1468 inimicus,
1486 1439 1514 1462 et
1551 1442 1607 1463 non
1633 1434 1738 1463 amicus

948 1488 1037 1509 meus.

989 1527 1067 1555 νει-ε.
1093 1526 1137 1554 12.
1158 1527 1251 1554 Adhuc
1265 1541 1299 1546 —-
1321 1535 1399 1554 nunc.
1429 1526 1497 1554 Cum
1528 1526 1617 1554 adhuc
1635 1526 1739 1561 imper-

109 1564 163 1590 τῶν
182 1567 210 1592 ὲν
225 1566 266 1601 τῷ
284 1568 393 1602 σταυρῷ
415 1569 462 1595 καὶ
491 1570 523 1604 τῇ
540 1570 688 1599 ἀναστάσει
707 1581 757 1608 μου
773 1576 895 1610 φρικτῶν

956 1572 1010 1600 'ecti
1032 1571 1102 1605 sitis.
1129 1577 1158 1600 et
1168 1573 1283 1600 necdum
1301 1581 1350 1607 per
1363 1572 1526 1600 horrendam
1550 1572 1601 1607 (zz)
1628 1572 1738 1607 passio-

110 1611 157 1636 καὶ
185 1612 344 1646 παραδόξων
382 1615 582 1650 προκόψαντες,
605 1617 674 1653 μηδὲ
717 1619 894 1657 ἐνδυσάμενοι

956 1626 1022 1652 lem,
1040 1625 1072 1646 ac
1095 1618 1261 1655 inopinatam
1278 1619 1510 1647 resurrectionem
1528 1626 1617 1646 meam
1647 1617 1738 1653 profe-

109 1657 224 1692 δύναμιν
240 1658 269 1690 ἐξ
284 1659 380 1694 ὕψους.

146 1704 239 1731 Ὅταν
265 1720 301 1725 ——
319 1703 475 1740 ἀλήθειαν.
502 1708 549 1740 Εἰς
564 1709 595 1735 τὸ
611 1709 709 1738 εἰδέναι
728 1712 820 1739 πᾶσαν
846 1713 897 1749 τὴν

109 1750 240 1785 ἀλήθειαν
257 1753 310 1779 τῶν
330 1753 411 1780 Θείων
439 1754 594 1790 δογμάτων,
623 1757 674 1791 τὴν
704 1760 896 1794 προσήκουσαν

108 1797 231 1832 δηλονότι
246 1800 434 1835 γνωρισθῆναι
455 1801 530 1836 ὑμῖν.
545 1800 612 1829 Εἶτα
625 1803 669 1830 ἵνα
686 1805 895 1840 μὴ,τηλικαῦτα

110 1845 176 1878 περὶ
201 1844 248 1871 τοῦ
274 1846 353 1879 ἁγίου
378 1847 541 1882 Πνεύματος
566 1849 745 1882 ἀκούσαντες,
761 1852 853 1886 μεῖζον
867 1853 898 1880 τὸ

111 1890 224 1924 Πνεῦμα
238 1892 383 1925 νομίσωσι,
397 1894 445 1919 καὶ
462 1894 501 1925 είς
517 1894 636 1930 ἐσχάτην
663 1896 793 1924 ἀσέϐειαν
810 1899 897 1934 ἐμπέ-

111 1943 206 1966 σωτιν,
218 1936 314 1970 ἐπάγει
330 1937 481 1973 θεραπείαν
498 1940 545 1966 καί
559 1948 642 1975 φησιν
657 1948 665 1957 ⁸

143 1983 183 2008 οὐ
195 1996 229 2000 -
240 1982 359 2010 ἑαυτοῦ.
369 1983 474 2019 Ὥσπερ
487 1984 541 2011 οὐδ’
563 1986 629 2020 ἐγὼ,
649 1986 742 2020 καθὼς
758 1988 896 2024 διαφόρως

110 2028 358 2063 προδιεστειλάμην
371 2037 378 2044 ⁸
394 2029 470 2056 οὐδὲν
484 2031 539 2065 γὰρ
555 2031 620 2058 ἴδιον
632 2033 720 2060 οὐδενὶ
745 2034 796 2069 τῆς
815 2035 896 2069 ἁγίας

110 2073 236 2107 Τριὰδος,
245 2073 313 2108 πλὴν
324 2075 471 2110 ἀγεννησία
477 2085 500 2108 ς,
513 2077 561 2103 καὶ
570 2079 737 2114 γεννήσεως,
749 2081 796 2107 καὶ
811 2082 895 2108 ὲκποο

111 2118 243 2154 ρεύσεως,
255 2119 322 2146 ἀλλὰ
337 2121 416 2148 κοινὰ
433 2121 522 2148 πάντα
537 2123 618 2159 αὐτῇ.

946 1663 1049 1697 ceritis,
1063 1672 1152 1700 neque
1172 1665 1258 1692 induti
1275 1665 1336 1692 sitis
1351 1665 1451 1692 virtute
1465 1672 1497 1692 ex
1516 1665 1571 1692 alto
1584 1665 1618 1692 '°.

985 1709 1062 1736 Vers.
1094 1708 1138 1735 15.
1163 1709 1276 1736 Cum—
1299 1709 1447 1736 veritatem.
1477 1710 1518 1737 Ad
1549 1710 1611 1742 hoc,
1627 1714 1657 1736 ιιι
1671 1708 1740 1737 scia-

950 1755 985 1782 tis
1005 1761 1114 1781 omnem
1127 1754 1270 1782 veritatem
1288 1755 1444 1782 divinorum
1468 1755 1636 1790 dogmatnm.
1655 1763 1737 1790 quam

950 1799 1077 1827 videlicet
1093 1799 1205 1834 expedit
1217 1799 1294 1827 vobis
1306 1807 1481 1834 cognoscere.
1496 1799 1612 1830 Deinde,
1629 1807 1664 1826 ne
1690 1807 1738 1827 au-

950 1845 1014 1873 ditis
1025 1845 1124 1872 talibus
1138 1845 1172 1872 de
1194 1844 1298 1880 Spiritu
1318 1849 1424 1878 sancto,
1441 1845 1571 1879 majorem
1600 1845 1738 1872 existima-

951 1895 1011 1917 rent
1024 1896 1084 1917 esse
1097 1889 1239 1924 Spiritum,
1253 1893 1282 1916 et
1296 1889 1322 1916 in
1339 1894 1490 1916 extremam
1516 1888 1663 1917 inciderint
1687 1889 1740 1916 im-

953 1933 1094 1967 pietatem,
1111 1932 1245 1960 medelam
1273 1932 1396 1968 adjungit
1408 1932 1502 1959 dicens
1516 1941 1522 1959 :

986 1979 1063 2006 Vers.
1087 1979 1130 2007 l5.
1156 1977 1265 2005 Non—
1290 1979 1442 2012 semetipso.
1476 1978 1554 2005 Sicut
1571 1986 1659 2013 neque
1678 1985 1739 2013 rgo,

952 2023 1182 2059 quemadmodum
1234 2023 1318 2051 variis
1355 2023 1382 2050 in
1417 2024 1486 2050 locis
1528 2022 1737 2058 explicavimus.

952 2069 1091 2105 Siquidem
1122 2069 1192 2096 nihil
1227 2069 1275 2096 ulli
1310 2073 1411 2096 sanctae
1454 2068 1597 2096 Trinitatis
1645 2077 1738 2103 perso-

952 2124 994 2143 nae
1022 2114 1162 2150 propriutn
1189 2119 1241 2148 cst,
1267 2119 1366 2150 prmtcr
1383 2114 1636 2147 innascibilitatcm,
1664 2114 1737 2141 nati-

949 2161 1061 2188 vitatem
1089 2166 1117 2188 et
1145 2161 1360 2196 processionem,
1391 2161 1440 2188 sed
1478 2160 1569 2188 omnia
1597 2160 1639 2187 eis
1664 2167 1741 2187 com-

951 2215 1054 2234 [1|qu3.

151 2249 234 2277 Ἀλλ’
251 2250 438 2284 -σ-λαλήσει.
465 2252 536 2279 Ὅσα
549 2252 583 2280 ἄν
611 2254 715 2291 ἀκούσῃ
744 2257 822 2292 παρὰ
849 2258 895 2285 τοῦ

985 2252 1064 2281 Vers.
1089 2252 1132 2280 15.
1157 2251 1256 2279 Sed—
1276 2251 1407 2287 loquetur.
1446 2251 1622 2286 Quaecunque
1646 2251 1740 2278 audie-

111 2295 229 2329 ῐιατρὸς,
241 2294 254 2320 ὃ
267 2295 314 2321 καὶ
328 2296 392 2330 περὶ
408 2297 527 2331 ἐμαυτοῦ
543 2298 674 2331 πολλάκις
685 2300 798 2335 εἴρηκα,
808 2302 897 2336 δηλῶν

108 2340 140 2366 τὸ
152 2340 306 2376 ὁμοούσιον,
320 2340 366 2367 καὶ
379 2342 510 2375 ὁμοφυὲς,
522 2343 569 2370 καὶ
582 2343 651 2377 ἴσον,
672 2346 720 2371 καὶ
736 2347 896 2382 ἀπαράλλα-

109 2394 188 2413 κτον.
203 2387 307 2423 Ὥσπερ
322 2387 377 2423 γὰρ
392 2388 405 2414 ὁ
418 2388 482 2419 Υίὸς
492 2388 629 2425 πλήρωμα
637 2391 719 2426 νόμον
729 2393 777 2419 καὶ
788 2402 896 2428 προφη-

946 2390 1145 2425 aequalitatcm,
1189 2397 1222 2417 ac
1271 2388 1459 2416 omnimodam

949 2299 1013 2325 rita
1030 2298 1121 2330 Patre,
1137 2297 1210 2325 sicut
1221 2297 1303 2324 etiam
1317 2297 1478 2332 frequenter
1492 2297 1526 2324 de
1552 2297 1657 2332 meipso
1671 2296 1733 2325 dixi.

947 2343 1106 2380 signiﬁcans
1138 2343 1298 2371 substantiae
1336 2351 1368 2370 ac
1409 2347 1513 2370 natura:
1550 2342 1738 2372 identitatem,

1516 2388 1736 2416 similitudinem.

108 2431 217 2464 τῶν,τὰ
243 2432 369 2464 τυπικῶς
396 2434 640 2470 προδιαγραφέντα
673 2437 826 2471 βεὸαιώσας
850 2439 895 2467 διὰ

956 2436 1179 2470 Quemadmodum
1207 2436 1280 2463 enim
1319 2434 1406 2462 Filius
1448 2434 1572 2469 impletio
1598 2434 1666 2469 legis
1695 2438 1738 2460 cst

108 2477 162 2511 τῆς
178 2476 324 2512 ἀληθείας’
343 2477 415 2504 οὕτω
430 2479 477 2505 καὶ
493 2479 524 2506 τὸ
535 2480 607 2507 Θετον
624 2481 736 2517 Πνεῦμα
757 2483 896 2519 πλήρωμα

149 2570 171 2585 ¹⁸
189 2570 284 2599 Matth.
302 2582 349 2608 xu,
361 2574 406 2604 24.

950 2492 981 2512 ac
1001 2483 1210 2519 prophetarum,
1244 2482 1360 2511 veritate
1382 2481 1559 2512 conﬁrmans.
1580 2486 1640 2514 qua:
1662 2479 1737 2514 prius

465 2577 486 2592 "
499 2575 577 2604 Joan.
593 2586 641 2608 vn.
657 2577 703 2608 ‘20.
743 2577 766 2593 '°
784 2577 850 2604 Luc.
867 2585 938 2611 xxtv,
955 2579 1000 2607 49.

697 2665 798 2697 Varia
814 2666 970 2698 lectiones
991 2671 1021 2698 et
1043 2671 1137 2700 nota.

147 2747 203 2779 (55)
218 2747 254 2774 Ita
271 2748 303 2775 Α.
320 2748 374 2786 Sed
389 2749 458 2786 Cod.
474 2750 494 2777 Β
508 2750 541 2786 in,
560 2754 690 2786 contentu
711 2749 803 2784 habet,
827 2750 896 2786 πρὸς

111 2781 167 2814 τόν,
183 2788 211 2809 et
224 2791 319 2818 supra,
334 2785 378 2812 αὐ.
401 2782 420 2811 ἰΣ
432 2792 457 2812 e.
475 2785 568 2818 αὐτόν,
588 2789 616 2812 et
641 2785 717 2811 Θεόν.

987 2758 1042 2788 tan)
1074 2751 1225 2788 Γενομένης
1247 2751 1279 2779 Δ.

149 2861 199 2902 (ει)
217 2861 269 2902 Pes
280 2863 450 2896 horrendam,
467 2867 521 2891 etc.
537 2862 589 2891 Per
612 2871 645 2891 ea
663 2871 724 2902 qua:
751 2863 780 2892 in
801 2871 882 2893 cruce
904 2867 932 2892 ct
949 2863 1150 2892 resurrectione
1164 2870 1224 2892 mea
1248 2862 1372 2892 accident
1387 2861 1523 2890 horrenda
1548 2867 1576 2890 et
1591 2861 1734 2894 mirabilia,

112 2898 298 2928 proieceritis.
