1911 3074
103 175 171 207 1129

543 173 736 205 COMMENT.
756 172 798 204 IN
823 171 1012 204 JOANNEM.
1031 184 1065 190 -
1084 173 1163 206 CAP.
1184 174 1263 206 XVI.

1669 174 1738 207 1430

102 235 160 266 τοῖς
187 233 334 269 μαθηταῖς·
352 233 383 260 τὸ
399 233 514 269 Πνεῦμα
535 233 564 260 δὲ
583 234 614 261 τὸ
639 234 717 269 ἅγιον
731 234 892 269 εἰργάσατο,
908 239 916 262 Α

975 231 1020 260 llis
1046 233 1165 267 operari,
1197 241 1229 261 ea
1258 237 1348 261 tamen
1380 238 1510 269 operatus
1544 238 1586 262 est
1619 233 1737 269 Spiritus

102 280 146 306 ἴνα
163 280 297 314 μάθωμεν
316 279 364 306 καὶ
377 279 462 306 αὐτοῦ
487 279 536 315 τὴν
550 279 666 315 δύναμιν
681 280 728 307 καὶ
752 277 892 314 θεότητα.]

107 327 185 355 Ἐπεὶ
201 327 254 362 γὰρ
270 327 334 362 περὶ
353 327 403 362 μὲν
419 327 466 353 τοῦ
483 327 591 359 Πατρδς
613 327 700 358 οὐδεὶς
720 326 892 360 ἀμφέϐαλλε,

102 375 166 408 περὶ
177 373 205 399 δὲ
222 373 270 399 τοῦ
285 372 351 400 Υξοῦ
366 372 414 400 καὶ
429 373 476 399 τοῦ
491 373 569 406 ἁγίου
590 372 749 407 Πνεύματος
765 372 891 407 ἠγνόουν.

102 418 146 444 διὰ
170 418 250 444 τοῦτο
265 419 278 444 ὸ
297 418 346 452 μὲν
370 418 404 444 δι’
430 417 668 452 ἐνανορωπήσεως
684 417 773 453 ὁμιλεῖ
787 417 892 449 αὐτοῖς,

103 463 133 489 τὸ
147 463 174 489 δὲ
189 463 290 498 τρόπον
305 463 399 498 ἕτερον
415 461 585 494 καταοτίζει.

142 553 197 580 Καὶ
224 553 286 579 ἐπεὶ
303 553 368 589 περὶ
393 554 443 589 μὲν
460 553 507 580 τοῦ
526 553 635 588 Πατρδς
659 553 746 580 πολλὰ
760 554 892 589 ἤκουσαν,

104 599 150 625 τὸν
162 599 191 625 δὲ
207 599 271 625 Υίὸν
285 599 416 630 πολλάκις
436 597 508 626 εἶδον
521 599 683 635 Θεοπρεπῶς
696 599 894 635 ἐργαζόμενον,

105 645 154 679 τὴν
168 645 197 671 δὲ
226 644 273 671 τοῦ
302 645 381 679 ἁγίου
402 645 563 680 Πνεύματος
580 645 659 678 ἀξίαν
673 645 736 673 οὔτε
749 646 783 672 δι’
797 647 894 681 ἀκοῆς,

105 690 167 717 οὕτε
180 691 213 717 δι’
229 691 316 726 ὂψεως
342 691 502 725 ἐγίνωσκον,
530 692 623 718 λοιπὸν
647 692 724 727 παρὰ
740 692 837 719 τούτου
850 701 895 719 τε·

105 738 252 770 λειοῠνται,
269 738 313 765 ἵνα
329 739 376 764 καὶ
405 738 455 774 τὴν
471 739 568 765 τούτου
584 739 700 775 θεότητα
727 739 895 774 γνωρίσωσι.

107 784 156 810 Διὰ
170 783 248 811 τοῦτο
263 785 311 810 καὶ
326 785 371 810 ἐπὶ
385 784 432 810 τοῦ
445 784 518 811 Θείου
535 785 750 820 βαπτίσματοςή
766 787 896 822 ζωοπάρ‹

108 838 168 864 οχος
193 830 279 864 Τριὰς
308 830 567 865 παραλαμϐάνεται,
587 831 636 866 οὐχ
651 832 691 862 ὡς
706 831 754 858 τοῦ
768 831 828 863 ἐνὸς
851 832 898 866 μό-

111 883 157 901 νου
170 876 208 910 μὴ
224 875 372 911 ἀρκοῦντος
385 877 424 906 είς
436 876 629 911 ἀναγέννησιν.
645 877 704 904 ἀλλ’
719 877 762 904 ἵνα
778 877 823 903 διὰ
847 872 899 912 τῆξ

111 921 255 952 κοινωνίας
269 921 324 948 τῶν
339 921 510 956 ὲπικλήσεων
525 922 541 957 ἡ
555 922 684 949 κοινωνία
698 923 748 958 τῆς
772 922 899 959 θεότητος

113 967 177 1002 δήλη
194 966 331 1004 γένηται.]

150 1015 262 1048 Μικρὸν
282 1029 314 1034 -
330 1023 375 1048 με.
392 1013 570 1050 Τεϐαμμένον
587 1015 640 1051 ὑπρ
654 1017 717 1051 γῆν.

149 1058 304 1093 Kal—1w.
329 1060 496 1086 Ἀναστάντα
516 1061 548 1086 ἐκ
561 1050 676 1097 νεκρῶν.

150 1103 215 1130 Ὅτι
233 1119 264 1123 -
285 1104 412 1138 Πατέρα.
433 1105 562 1132 Διάσασιν
576 1105 717 1140 πανταχοῦ
733 1106 763 1133 τὸ
788 1107 904 1142 πρᾶγμα

114 1149 202 1182 καλεῖ,
231 1149 338 1181 δεικνὺς
366 1151 407 1176 ὅτι
433 1151 463 1177 οὐ
492 1151 733 1186 κατασχεθήσεται
762 1152 809 1178 ἐπὶ
835 1152 903 1178 πολὺ

115 1196 192 1232 παρᾶ
203 1196 249 1223 τοῦ
265 1196 392 1223 Θανάτου.
408 1196 546 1232 Χαρίεντα
561 1197 609 1232 μὲν
624 1195 671 1224 οὖν
684 1198 748 1233 περὶ
763 1198 810 1224 τοῦ
823 1198 905 1225 ἄλλου

116 1242 296 1278 Παρακλήτου
325 1242 581 1277 ἐπαγγειλάμενος,
610 1243 720 1278 λυπηρὰ
752 1244 833 1270 πάλιν
857 1245 907 1271 ἑπ-

118 1289 218 1324 ήγαγε.
235 1289 288 1315 Καὶ
303 1288 434 1320 πολλάκις
449 1289 498 1325 ἤδη
511 1289 591 1316 τοῦτο
607 1290 741 1324 πεποίηκε
757 1292 806 1317 και)⁸
824 1292 906 1324 ποιεῖ,

118 1336 174 1366 τοῖς
202 1334 338 1370 θυμήρεα-ι
356 1335 389 1361 τὰ
415 1335 543 1370 θυμαλγῆ
567 1336 741 1370 ἀναπλέκων,
759 1335 801 1364 οἶα
828 1337 909 1365 τοῦτο

121 1381 171 1416 μὲν
185 1381 353 1417 παρηγορῶν
368 1384 606 1415 καταπίπτοντας,
622 1383 702 1410 τοῦτο
716 1383 745 1410 δὲ
760 1384 909 1419 γυμνάζων

119 1427 250 1459 ἑστῶτας.
269 1429 300 1454 Ut
317 1428 371 1461 γὰρ
388 1428 417 1453 ὲν
430 1429 488 1459 τοῖς
504 1429 611 1463 ῥήμασι
629 1429 662 1456 τὰ
678 1430 834 1457 ἀπευκταῖα
864 1439 911 1466 με-

120 1475 286 1511 λετήσαντες
310 1475 499 1512 εὐφορώτερον
528 1476 641 1512 ἔμελλον
671 1479 756 1505 οῐσειν
784 1479 854 1505 αυτὰ
881 1479 910 1505 ἐν

120 1523 177 1553 ⁴τοῖς
195 1522 368 1556 πράγμασιν.

944 281 1064 309 sanctus,
1082 283 1111 305 ut
1122 279 1180 314 ejus
1195 285 1303 314 quoque
1316 279 1454 306 discamus
1478 278 1626 312 potentiam
1642 286 1673 306 ac
1696 278 1738 304 di-

945 323 1097 351 vinitatem.
1115 324 1183 351 Nam
1201 325 1264 359 quia
1287 324 1321 352 de
1339 324 1418 351 Patre
1438 324 1547 359 quidem
1569 324 1662 352 nullus
1684 324 1740 351 haz-

944 371 1055 403 sitabat,
1067 371 1101 398 de
1116 371 1183 398 Filio
1194 377 1284 399 autem
1300 379 1332 399 ac
1348 371 1450 407 Spiritu
1467 375 1561 398 sancto
1587 370 1739 406 ignorantia

945 418 1117 448 tenebantur.
1135 422 1279 452 propterea
1293 417 1338 444 ille
1362 425 1428 444 sane
1446 425 1493 452 per
1521 416 1737 442 incarnationem

945 470 1007 490 eum
1024 463 1063 490 eis
1079 468 1255 491 conversatus
1275 467 1326 494 est,
1353 462 1397 490 hic
1416 470 1481 490 vero
1498 462 1552 489 alio
1570 461 1650 488 modo
1676 468 1740 495 per.

946 510 1022 537 fecit.

982 557 1116 584 Praeterea
1142 555 1177 583 de
1205 555 1285 582 Patre
1318 555 1429 590 quidem
1459 555 1547 582 multa
1575 553 1741 581 audierant:

947 602 1043 630 Filium
1059 609 1167 637 quoque
1183 601 1283 636 saepius
1298 601 1390 628 divina
1412 605 1571 636 operantem
1591 607 1744 634 conspexe-

947 652 1008 675 rant
1024 657 1030 675 :
1048 647 1166 682 Spiritus
1180 647 1266 675 sancti
1284 651 1376 674 autem
1406 647 1575 683 dignitatem,
1592 654 1681 680 neque
1696 653 1745 672 au-

947 695 1017 727 ditu,
1032 702 1121 730 neque
1135 700 1247 730 aspectu
1261 695 1473 730 cognoscebant.
1487 694 1527 721 Ab
1538 694 1590 721 hoc
1602 693 1692 727 itaque
1704 691 1741 727 (c)

948 741 1139 776 perﬁciuntur.
1153 745 1182 768 ut
1192 741 1252 775 ejus
1264 748 1372 776 quoque
1383 739 1553 768 divinitatem
1565 741 1742 774 cognoscant.

949 786 1095 821 Propterea
1121 786 1203 813 etiam
1236 785 1263 812 in
1290 785 1382 813 divino
1414 785 1578 820 baptismate
1605 783 1746 810 viviﬁcans

949 832 1070 859 Trinitas
1084 832 1231 859 assumitur
1245 841 1251 858 :
1265 838 1320 858 non
1337 830 1407 865 quod
1425 838 1478 858 una
1493 830 1549 857 snla
1569 837 1685 864 persona
1710 828 1743 855 ad

949 878 1184 914 regenerationem
1200 886 1255 905 non
1271 877 1395 910 sufﬁciat,
1417 876 1463 904 sed
1478 881 1507 904 ut
1520 884 1568 911 per
1594 875 1745 902 invocatio-

955 925 997 952 nis
1013 924 1288 952 communicationem
1300 923 1412 952 Deitatis
1432 921 1643 950 communicatio
1659 921 1739 956 signi-

954 972 1058 1000 licetur.

991 1020 1068 1049 Vers.
1084 1019 1127 1046 16.
1145 1018 1246 1045 Pusillo
1262 1033 1297 1038 -—
1308 1025 1358 1044 me.
1374 1017 1430 1044 Sub
1447 1023 1517 1043 terra
1544 1015 1691 1050 sepultum.

991 1066 1070 1092 Vers.
1088 1065 1130 1092 16.
1146 1064 1179 1091 Ει
1194 1079 1219 1084 -
1245 1072 1295 1090 me.
1313 1063 1364 1091 libi
1384 1071 1400 1090 a
1416 1063 1532 1090 mortuis
1558 1068 1747 1089 resurrcxero.

991 1111 1070 1139 Vers.
1087 1111 1130 1138 16.
1147 1110 1217 1143 Quia
1235 1125 1268 1130 —
1287 1109 1404 1136 Patrem.
1422 1108 1562 1136 Passionis
1580 1106 1747 1143 fmysterium

958 1158 1076 1193 appellat
1093 1157 1195 1192 ubique
1210 1155 1366 1188 transitum,
1396 1155 1556 1187 ostendens,
1586 1153 1661 1189 quod
1691 1160 1747 1180 non

958 1204 1042 1231 multo
1061 1208 1185 1238 tempore
1199 1201 1280 1229 murti
1303 1201 1355 1228 erit
1377 1200 1527 1235 subjectus.
1546 1199 1640 1234 Itaque
1667 1201 1749 1233 post-

958 1259 1038 1286 quam
1052 1251 1112 1277 laeta
1129 1249 1163 1277 de
1182 1249 1269 1276 altero
1299 1247 1442 1274 Paracleto
1471 1245 1608 1282 promisit,
1638 1251 1749 1271 rursum

960 1295 1046 1324 tristia
1078 1294 1193 1326 inducit,
1221 1293 1304 1328 idque
1336 1292 1495 1328 frequenter
1525 1296 1553 1319 et
1569 1290 1702 1325 tecitjam
1722 1293 1751 1317 et

960 1341 1034 1374 facit,
1062 1341 1131 1368 laetis
1160 1340 1249 1367 tristia
1280 1338 1462 1374 permiscens.
1494 1342 1525 1364 ut.
1549 1337 1613 1364 hinc
1640 1336 1749 1371 quidem

960 1387 1118 1416 consoletur
1145 1386 1279 1421 dejectos,
1306 1385 1372 1412 hinc
1402 1391 1468 1412 vero
1481 1388 1586 1411 stantes
1613 1385 1749 1410 exerceat.

961 1433 1028 1461 Nam
1036 1433 1081 1468 qui
1098 1433 1125 1459 in
1141 1431 1232 1459 verbis
1247 1430 1386 1458 horrenda
1406 1430 1522 1465 primum
1539 1428 1666 1456 meditati
1689 1427 1751 1454 fue-

961 1483 1035 1511 rant,
1052 1486 1083 1506 ea
1099 1477 1274 1513 postmodum
1303 1477 1331 1503 in
1359 1476 1442 1503 rebus
1470 1474 1642 1503 tolerabilius
1669 1472 1751 1500 laturi

962 1530 1050 1553 erant.

156 1564 253 1593 Εἶπον
273 1582 307 1587 ——
325 1567 423 1594 λαλεῖ.
445 1567 548 1594 Ἐδόκει
561 1568 617 1605 γὰρ
645 1569 737 1601 αὐτοῖς
752 1570 910 1607 παραϐολήν

999 1571 1077 1600 Vers.
1093 1572 1136 1598 i7.
1158 1571 1287 1598 Dixerunt
1301 1585 1335 1590 —
1350 1569 1428 1597 Vers.
1445 1569 1488 1597 i8.
1503 1568 1636 1603 loquatur.
1657 1565 1750 1601 Siqui-

121 1619 183 1637 τινα
201 1611 340 1638 κάνταῦθα
354 1612 456 1647 λέγειν,
474 1613 513 1645 ὠς
530 1614 576 1640 κα)⁸
589 1614 618 1641 ὲν
631 1614 669 1650 τῷ
681 1616 752 1642 κατὰ
770 1616 910 1644 Ματθαῖον

975 1621 1024 1647 lem
1043 1619 1200 1655 parabolam
1230 1618 1270 1645 eis
1295 1618 1442 1645 videbatur
1476 1616 1595 1651 aliquam
1608 1616 1690 1642 etiam
1706 1613 1750 1641 hic

123 1658 341 1692 προειρήκαμεν.
356 1659 437 1690 Ἴσως
450 1659 479 1686 δὲ
495 1660 583 1687 καὶτὸ
595 1661 710 1696 σφοδρὸν
721 1662 770 1696 τῆς
791 1662 912 1696 ἀθυμίας

123 1701 173 1737 τὴν
187 1703 368 1737 ἀναισθησίαν
385 1705 489 1740 ταύτην
509 1706 669 1740 ἐνεποίησεν
696 1707 800 1740 αὐτοῖς,
820 1708 868 1734 καὶ
887 1708 911 1734 oi

124 1748 255 1780 πολλάκις
269 1750 358 1776 ταῦτα
374 1751 546 1783 ἀκούσαντες
566 1752 637 1779 οὕτω
652 1753 787 1779 διέκειντο
808 1753 846 1784 ὡς
861 1762 913 1790 μη-

124 1793 220 1822 δέποτε
237 1796 320 1832 μηδὲν
335 1797 436 1825 τούτων
451 1799 612 1835 ἀκηκοότες.

165 1889 261 1923 Ἔγνω
285 1905 321 1910 —-
336 1899 375 1925 με
382 1899 392 1923 ;
408 1889 474 1917 Εἶτα
497 1891 671 1928 διερμηνευει
693 1893 724 1919 τὸ
738 1892 913 1928 ζητούμενον.

170 1981 264 2016 Ἀμὴν
287 1990 319 2002 -ι
345 1982 441 2017 ὑμεῖς.
455 1983 501 2018 Μὴ
518 1982 686 2019 θεωροῦντες
701 1992 734 2019 με
757 1983 795 2016 ὡς
815 1985 916 2020 τεθαμ-

130 2028 210 2064 μένον
227 2028 278 2054 ὑπὸ
291 2028 353 2062 γῆν.

170 2075 202 2100 '0
221 2073 255 2100 δὲ
274 2077 388 2108 κόσμος
402 2074 577 2109 χαρήσεται.
593 2075 625 2101 0t.
640 2075 764 2110 πονηροὶ,
780 2075 818 2107 ὡς
831 2075 919 2103 ἀπαλ-

129 2120 258 2154 λαγέντες
275 2129 337 2155 μου.

171 2166 265 2200 Ὑμεῖς
277 2166 311 2192 δὲ
329 2165 558 2200 λυπηθήσεσθε.
571 2166 643 2202 Πρὸς
655 2167 750 2204 καιρόν
760 2177 831 2195 τινα.
847 2168 920 2204 Ὅρα

130 2212 159 2239 δὲ
174 2213 232 2243 πῶς
249 2211 321 2245 εἷπε,
336 2213 490 2240 Κλαύσετε
503 2213 553 2240 καί
571 2213 738 2248 θρηνήσετε
753 2214 802 2241 καί
818 2216 919 2248 λυπη-

963 1663 1067 1696 dicere,
1086 1663 1158 1690 sicut
1172 1668 1201 1690 et
1217 1663 1243 1689 in
1257 1661 1404 1697 Evangelia
1422 1661 1501 1697 juxta
1513 1660 1670 1687 Matthzeum
1685 1666 1754 1694 prae-

964 1709 1094 1736 diximus.
1109 1708 1248 1736 Fortassis
1261 1713 1351 1736 autem
1379 1712 1407 1736 et
1435 1706 1554 1734 tristitia:
1581 1705 1753 1733 vehementia

965 1755 1204 1783 insensibilitatem
1219 1755 1290 1782 hanc
1299 1754 1338 1781 eis
1353 1754 1486 1788 injeeerat
1500 1761 1506 1780 :
1522 1757 1550 1779 et
1560 1753 1607 1787 qui
1625 1752 1755 1786 frequen-

968 1806 1009 1829 ter
1027 1801 1086 1828 haec
1100 1801 1255 1832 audierant.
1283 1800 1323 1828 sic
1342 1799 1431 1826 allecti
1462 1802 1552 1830 erant,
1581 1798 1659 1833 quasi
1686 1797 1756 1824 nihil

965 1856 1086 1883 unquam
1100 1849 1198 1876 horum
1211 1847 1363 1875 audissent.

1002 1895 1080 1924 Vers.
1098 1897 1141 1924 i9.
1155 1895 1280 1932 Cognovit
1296 1910 1330 1915 —
1341 1903 1383 1922 me
1401 1895 1413 1922 2
1427 1893 1533 1922 Deinde
1553 1893 1624 1929 quod
1650 1900 1756 1928 quaere-

966 1944 1033 1971 bant
1055 1943 1264 1978 interpretatur.

1005 1988 1086 2016 νει-ε.
1101 1988 1146 2016 20.
1175 1987 1372 2014 Amen—vos.
1391 1986 1449 2013 Non
1472 1984 1598 2013 videntes
1626 1991 1682 2018 mc,
1707 1984 1758 2012 sub

969 2040 1043 2062 terra
1053 2034 1183 2062 videliCet
1198 2033 1347 2070 sepultum.

1005 2079 1084 2108 Vers.
1103 2079 1349 2108 20.Mundusuero
1379 2078 1518 2114 gaudebit,
1548 2076 1610 2104 Mali
1641 2075 1758 2108 scilicet,

970 2132 1098 2162 tanquam
1115 2135 1130 2153 a
1147 2134 1193 2153 me
1202 2126 1318 2154 liberati.

1007 2172 1084 2201 Vers.
1102 2172 1147 2200 20.
1168 2171 1218 2199 Vas
1232 2177 1318 2199 autem
1330 2170 1565 2199 contristabimini.
1592 2169 1633 2196 Ad
1650 2168 1759 2204 aliquod

974 2223 1091 2253 tempus.
1106 2218 1172 2246 Vide
1186 2223 1288 2251 autem,
1305 2217 1443 2253 quomodo
1472 2215 1570 2243 dixerit
1584 2223 1590 2241 :
1617 2215 1760 2242 Plat-abitis

131 2259 272 2292 θήσεσθε,
287 2259 433 2293 γυμνάζων
446 2259 545 2290 αὐτοὺς
559 2260 605 2286 ἐπὶ
626 2260 708 2286 πλέον
726 2261 766 2292 είς
779 2260 916 2296 ὑπομονὴν

975 2268 997 2291 et
1011 2264 1223 2291 lamentabimiui
1247 2273 1278 2290 ac
1294 2262 1524 2294 contristabimini,
1540 2261 1573 2289 ad
1589 2261 1760 2289 tolerantiam

132 2306 176 2333 διὰ
190 2306 239 2341 τῆς
256 2305 397 2340 συνεχείας
418 2304 467 2332 καὶ
483 2305 636 2337 ὲπιτάςεως
658 2307 712 2332 τῶν
733 2307 917 2340 ὰλγυνὸντων.

174 2397 252 2424 Ἀλλ’
272 2412 306 2417 —-
330 2396 500 2432 γενήσεται.
517 2397 601 2424 Πάλιν
625 2398 806 2433 Θεωρούντων-
817 2407 864 2433 με,
882 2399 921 2431 ὡς

134 2444 286 2472 ἀναστάντα
308 2445 341 2471 ὲκ
358 2444 465 2479 νεκρῶν
478 2444 540 2480 ἤδη.
554 2441 620 2471 Εἶτα
635 2445 726 2480 τίθησι
741 2446 789 2472 καὶ
802 2446 858 2480 (60)
871 2455 917 2472 κο-

136 2490 234 2524 σμικὴν
241 2490 435 2526 ἀναντίρρητον
445 2491 619 2527 παράδειγμα
627 2492 674 2527 τῆς
686 2491 736 2527 τὴν
748 2491 837 2527 λύπην
849 2492 920 2526 ἀπρα-

136 2535 261 2571 νιζούσης
277 2537 376 2572 χαρίς.

973 2309 1091 2344 amplius
1105 2317 1152 2337 eos
1162 2316 1305 2340 exercens.
1325 2316 1374 2344 per
1402 2307 1636 2335 continuationem
1660 2307 1698 2341 (Δ)
1715 2314 1760 2333 ρος

975 2363 1034 2382 rum
1050 2363 1111 2389 qua;
1127 2362 1245 2382 mmrore
1262 2354 1390 2382 alliciant.

1009 2400 1088 2428 Vers.
1105 2401 1150 2428 ~20.
1166 2400 1219 2428 Sed
1233 2415 1268 2421 -
1285 2404 1410 2428 vertetur.
1426 2399 1495 2427 Cum
1512 2406 1556 2426 me
1568 2399 1668 2426 iterum
1687 2397 1761 2424 vide-

976 2446 1038 2473 hitis
1052 2453 1084 2473 ex
1103 2446 1217 2474 mortuis
1229 2446 1434 2474 resuscitatum.
1459 2444 1564 2471 Deinde
1593 2443 1762 2478 ponitetiam

977 2492 1087 2527 vulgare
1107 2491 1141 2528 (ε)
1167 2500 1199 2520 ac
1220 2491 1401 2519 certissimum
1417 2490 1571 2525 exemplum
1595 2489 1630 2516 de
1653 2488 1760 2524 gaudio.

976 2537 1048 2573 quod
1069 2545 1238 2576 mmmreme
1256 2538 1344 2565 medio
1359 2537 1441 2564 tollit.

736 2635 834 2666 Variae
853 2635 1007 2668 lectiones
1026 2640 1055 2668 et
1073 2641 1168 2669 nolze.

176 2716 231 2751 (60)
245 2718 361 2752 Μικρόν,
377 2725 427 2750 pro
446 2717 577 2752 κοσμικόν
592 2717 623 2744 Α.

188 2796 212 2828 c)
227 2796 265 2822 Ab
279 2797 325 2822 hoc
336 2796 432 2828 itaque.
447 2795 567 2830 Denique
583 2795 616 2822 ab
634 2795 696 2823 hoc.

188 2797 212 2828 ε)
227 2797 265 2822 Ab
279 2797 325 2822 hoc
336 2797 432 2828 itaque.
447 2797 567 2830 Denique
583 2797 616 2822 ab
634 2797 696 2823 hoc.

175 2797 214 2867 id)
229 2831 469 2867 continuationem.
484 2830 721 2867 (lontinuationem
746 2830 925 2867 etintentio-

142 2865 216 2935 27in.
228 2867 288 2893 Non
303 2866 408 2893 videtur
419 2865 528 2902 legisse,
545 2866 592 2892 καὶ
600 2865 762 2900 ἐπιστάσεως,
776 2865 806 2894 id
821 2871 863 2894 est
876 2867 925 2894 αὺ-

159 2910 256 2935 ησεως.

159 2910 256 2935 ησεως.

1016 2795 1050 2832 (e)
1071 2795 1195 2832 Vulgare.
1212 2793 1241 2821 In
1256 2793 1350 2832 Graeco
1361 2795 1420 2832 est.
1431 2791 1606 2832 mundanum,
1622 2790 1649 2819 id
1667 2796 1761 2832 esum

979 2827 1072 2863 rebus,
1088 2827 1148 2865 quae
1162 2829 1189 2856 in
1205 2829 1308 2865 mundo
1334 2827 1424 2856 solent
1447 2827 1581 2861 accidere,
1608 2827 1754 2863 repetitum

977 2866 1034 2894 Nisi
1051 2864 1138 2894 κοινόν
1148 2864 1253 2901 legerit.
