1911 3074
1 186 8 216 l
39 185 115 217 l't.’l3

474 185 666 215 COMMENT.
688 183 730 213 IN
749 182 937 214 JOANNEM.
957 195 992 202 -
1011 182 1090 213 CAP.
1110 182 1187 213 XVI.

1596 184 1666 217 143-1

1 252 7 266 ς
39 243 190 271 ἐκϐάλλειν
217 242 298 274 αὐτὰ,
313 242 361 269 καὶ
393 241 556 276 θεραπεύειν
580 241 672 266 πᾶσαν
687 239 765 265 νόσον
787 246 821 264 κα

887 243 917 266 ut
943 238 1076 273 ejicerent
1104 239 1175 271 illos,
1205 243 1234 265 et
1259 243 1387 266 curarent
1409 245 1518 265 omnem
1544 238 1669 264 morbum

40 290 141 316 πᾶσαν
162 288 309 324 μαλακίαν,
335 289 363 315 ἐν
386 287 425 322 τῷ
447 288 559 321 ὀνόματι
581 285 666 313 αὑτοῦ
692 286 832 320 ἐνήργουν·

1 338 3 360 ἔ
38 335 119 362 ἀλλὰ
136 336 196 361 τότε
224 335 255 361 οὺ
284 334 330 361 τὸν
355 334 465 369 Πατέρα
484 333 596 368 ᾐτοῦντο
612 334 641 359 ἐν
667 331 706 366 τῷ
723 331 835 363 ὀνόματι

1 384 3 406 Ξ
38 381 142 408 αὑτοῦ.

82 427 196 454 Αἰτεῖτε
213 443 249 447 -
266 427 494 461 πεπληρωμένη.
519 427 588 457 Ἰνα,
605 427 712 460 γνόντες
727 425 777 452 ὅσα
804 424 834 450 τὸ

38 473 134 508 δνομά
154 481 204 507 μου
220 473 342 505 δύναται,
359 474 446 508 χαρὰν
460 472 541 508 ἔχητε
560 472 678 502 τελείαν,
694 473 753 506 ἤτοι
770 470 834 497 πολ-

38 518 95 550 λὴν
112 519 126 552 ἢ
141 519 262 545 πλείονα.
723 520 730 528 ⁸

85 566 180 592 Ταῦτα
201 580 235 584 -
261 565 342 600 ὑμῖν.
368 566 500 592 Τουτέστι
526 564 767 600 ισυνεσκιασμένα,
788 564 833 591 καὶ

36 612 73 637 οὗ
87 611 175 646 πάντη
187 611 272 646 σαφῆ,
287 611 364 645 διότι,
376 611 525 643 δεδοικότες
537 611 577 638 ἑτι
588 612 636 638 καὶ
650 610 831 645 ἀθυμοῦντες,

38 656 74 682 οὐ
91 655 204 683 δύνασθε
221 656 365 692 προσέχειν
377 658 433 688 τοῖς
448 656 617 692 λεγομένοις,
633 656 649 691 ἢ
665 656 757 682 πλεῖον
768 657 834 682 ἐνω-

37 701 184 729 τίσασθαι.

87 747 169 774 Ἀλλ’
181 763 215 767 -
228 748 312 782 ὑμῖν.
340 749 468 784 Ἔρχεται
495 748 598 783 καιρὸς.
614 749 628 775 ὁ
651 748 699 783 τῆς
714 748 832 774 ἀναστά-

39 791 115 823 σεώς
130 801 181 826 μου
206 792 317 828 δηλαδὴ,
340 794 385 819 ὅτε
408 793 652 828 ἀπαρακαλύπτως
669 793 715 819 καὶ
739 792 832 826 σαφῶς

36 838 143 870 διδάξω
158 838 230 873 ὑμᾶς
256 839 285 865 ἐν
308 839 427 876 εὐθνμίᾳ
442 839 607 873 γενομένους
623 839 684 874 ἤδη.
700 838 756 864 Καὶ
779 838 832 872 γὰρ

39 885 116 919 μετὰ
137 884 187 920 τὴν
202 885 348 911 ἀνάστασιν
365 876 411 911 ἐπὶ
434 885 640 920 τεσσαράκοντα
665 885 774 919 ἡμέρας
797 881 832 918 ἦν

36 931 230 965 ὀπτανόμενος
257 931 360 963 αὐτοῖς,
381 931 428 958 καὶ
444 931 531 966 λέγων
546 931 579 957 τὰ
595 931 658 966 περὶ
676 931 726 965 τῆς
754 931 831 966 βασι-

37 976 120 1007 λείας
136 976 183 1002 τοῦ
198 976 276 1008 Θεοῦ,
289 977 361 1004 καθά
374 986 456 1012 φησιν
471 978 487 1011 ἡ
506 977 597 1012 βίϐλος
612 977 666 1003 τῶν
687 977 827 1012 Πράξεων.

85 1022 136 1048 Ἐν
149 1036 185 1041 —-
203 1021 375 1054 αἰτήσεσθε.
400 1022 522 1057 Ἦμέραν
551 1023 596 1049 τὸν
613 1023 709 1058 καιρὸν
726 1022 828 1049 πολλά-

36 1076 87 1098 κις
105 1066 183 1093 εἴωθε
207 1066 307 1101 λέγειν.
330 1068 454 1102 Συνεχῶς
469 1068 497 1094 δὲ
519 1069 583 1103 περὶ
598 1068 648 1102 τῆς
665 1069 693 1094 ἐν
710 1068 749 1103 τῷ
772 1069 830 1094 ὀνό-

38 1122 109 1148 ματι
137 1113 219 1140 αὐτοῦ
251 1114 384 1149 αἰτήσεως
410 1113 493 1148 λέγει,
522 1114 702 1149 πληροφορῶν
731 1115 829 1146 αὐτοὺς

37 1158 171 1192 περὶτῆς
183 1158 323 1192 δυνάμεως
342 1158 436 1190 αὑτοῦ,
452 1160 498 1185 καὶ
522 1159 621 1194 θάρσος
639 1160 792 1194 ἐμϐάλλων.

78 1202 132 1229 Καὶ
156 1217 190 1222 -
208 1201 301 1236 ὑμῶν.
318 1203 373 1229 Καὶ
392 1203 423 1229 οὑ
440 1203 512 1237 λέγω
529 1204 592 1238 ὑμῖν
610 1205 670 1230 τότε
689 1205 730 1231 ὅτι
760 1204 829 1238 Ἐγὼ

36 1248 226 1283 παρακαλέσω
242 1248 287 1274 τδν
303 1248 412 1284 Πατέρα
428 1250 492 1283 περὶ
508 1250 596 1284 ὑμῶν.

76 1295 174 1327 Αὐτὸς
195 1309 230 1314 -—
247 1294 390 1329 ἐξῆλθον.
419 1296 505 1328 Αὐτὸς
532 1297 585 1332 γὰρ
606 1298 620 1324 ὸ
636 1297 732 1332 Πατὴρ
758 1298 831 1331 φιλεῖ

37 1341 115 1374 ὑμᾶς
128 1340 200 1372 τότε,
226 1340 264 1372 ὡς
280 1340 345 1375 ἐγὼ,
363 1341 531 1376 ἐμμένοντας
544 1343 662 1378 τῇξπρὸς
677 1343 727 1377 ἐμὲ
752 1343 829 1380 φιλίᾳ

35 1386 88 1413 καὶ
104 1386 205 1412 πίστει.

82 1432 232 1466 Ἐξῆλθον
247 1448 282 1453 —
296 1433 422 1467 Πατέρα.
450 1432 486 1459 Τὸ
494 1431 651 1466 Ἐξῆλθον,
668 1433 716 1460 καὶ
740 1433 828 1467 Ἐλή-

33 1480 128 1511 λυθα,
144 1480 192 1506 καὶ
211 1479 341 1514 ’Δφίημῃ
354 1479 401 1506 καὶ
418 1480 592 1514 Πορεύομαι,
608 1479 655 1507 καὶ
667 1480 701 1506 τὰ
714 1481 827 1508 τοιαῦτα

36 1525 288 1558 συγκατασατικῶς
303 1525 376 1559 λέγει
401 1524 444 1552 διὰ
465 1525 514 1559 τὴν
539 1525 681 1553 ἀσθένειαν
701 1527 750 1562 τῆς
768 1527 826 1553 δια-

885 293 1049 319 omnemque
1061 285 1219 320 languorem
1231 284 1264 316 “,
1283 284 1310 311 in
1326 285 1437 311 nomine
1455 285 1542 318 ipsius
1570 291 1670 318 opera—

885 332 993 359 bantur.
1007 330 1107 359 Verum
1118 334 1182 358 tunc
1193 337 1248 357 non
1258 330 1387 365 petebant
1401 330 1508 357 Patrem
1520 329 1548 355 in
1557 328 1670 356 nomine

885 378 983 412 ipsius.

920 422 998 450 Vers.
1012 422 1058 449 2L
1072 422 1156 449 Petite
1167 437 1201 442 —
1216 422 1365 457 impletum.
1385 422 1433 454 Ut,
1463 425 1606 456 postquam
1621 427 1669 447 co-

884 469 1033 504 gnoveritis
1067 473 1169 503 quanta
1196 468 1284 503 possit
1305 476 1404 495 nomen
1423 475 1524 498 meum.
1541 466 1668 500 gaudium

885 517 1008 544 habeatis
1030 516 1181 551 perit-ctum
1209 516 1266 543 sive
1300 516 1415 543 multum
1442 519 1490 542 aut
1520 513 1668 548 copiosius.

921 562 999 589 Vers.
1019 561 1064 589 25.
1082 562 1189 589 Htuc—
1207 562 1288 588 vobis.
1305 561 1362 589 Hoc
1379 566 1432 594 est,
1461 560 1622 588 obumbrata
1641 563 1669 586 et

883 616 938 636 non
953 609 1067 636 omnino
1082 608 1236 641 manifesta.
1249 609 1313 643 quia
1341 608 1431 635 adhuc
1457 611 1531 634 metu
1544 610 1572 632 et
1600 612 1669 631 mte-

884 663 946 683 rore
959 655 1060 688 allecti,
1078 655 1121 682 his
1135 663 1195 690 quze
1212 654 1344 682 dicuntur
1364 661 1420 680 non
1444 651 1559 688 potestis
1574 650 1670 677 adver-

883 706 952 733 tere,
974 705 1021 728 aut
1040 701 1156 736 amplius
1172 700 1325 735 percipere.

920 747 996 775 Vers.
1011 747 1055 774 25.
1074 747 1126 774 Sed
1139 761 1174 767 —-
1187 746 1266 773 vobis.
1304 745 1392 772 Instat
1407 749 1524 778 tempus,
1547 749 1669 770 resurre-

884 793 984 820 ctionis
1000 800 1067 819 mea:
1078 792 1214 823 videlicet,
1228 791 1339 826 quando
1359 794 1454 824 aperte
1469 797 1501 816 ac
1526 788 1669 815 manifeste

883 840 989 868 docebo
1008 847 1065 869 vos.
1083 839 1136 873 jam
1151 839 1177 865 in
1202 838 1296 865 laetitia
1324 837 1499 864 constitutos.
1528 835 1668 870 Siquidem

884 891 945 922 post
957 886 1185 913 resurrectionem
1201 891 1250 919 per
1281 884 1457 919 quadraginta
1484 883 1542 910 dies
1556 889 1671 917 appare—

884 934 929 961 bat
946 933 996 962 eis.
1008 937 1035 959 et
1050 931 1166 959 docebat
1178 932 1211 958 de
1226 939 1311 966 regno
1336 930 1393 963 Dei,
1410 930 1482 957 sicut
1496 933 1588 956 narrat
1601 927 1672 955 liber

882 979 1012 1006 Actorum
1022 978 1057 1006 ’⁸.

918 1023 996 1051 Vers.
1023 1023 1068 1050 96.
1094 1022 1127 1049 In
1142 1036 1175 1042 -—
1187 1022 1292 1056 petatis.
1307 1020 1386 1048 Diem
1402 1024 1429 1047 et
1443 1020 1539 1047 horam
1553 1018 1586 1052 (Ι)
1600 1017 1671 1044 solet

882 1069 1040 1102 frequenter
1053 1068 1143 1102 ipsum
1162 1072 1270 1102 tempus
1279 1066 1427 1101 appellare.
1459 1064 1565 1098 Smpius
1577 1067 1668 1089 autem

881 1114 915 1142 de
936 1114 1066 1148 petitione
1082 1113 1108 1140 in
1122 1112 1234 1140 nomine
1262 1119 1312 1139 suo
1343 1111 1427 1142 dicit,
1453 1109 1590 1136 certiores
1622 1115 1670 1134 cos

882 1160 998 1187 reddens
1011 1159 1045 1186 de
1058 1159 1144 1193 ipsius
1158 1159 1261 1185 virtute
1272 1162 1300 1184 et
1316 1156 1442 1183 ﬁduciam
1457 1155 1597 1190 injiciens.

917 1205 994 1234 Vers.
1008 1205 1053 1232 26.
1067 1205 1102 1232 Et
1116 1220 1148 1226 ——
1166 1205 1249 1232 vobis.
1265 1204 1299 1231 Et
1314 1211 1369 1231 non
1385 1203 1474 1230 dicam
1485 1202 1561 1229 vobis
1578 1207 1642 1228 tunc
1661 1209 1668 1228 :

880 1252 1018 1279 Precabor
1034 1251 1142 1279 Patrem
1156 1259 1206 1287 pro
1218 1250 1308 1278 vobis.

918 1297 994 1324 Vers.
1007 1297 1053 1324 27.
1071 1297 1131 1330 Ipse
1148 1311 1182 1316 —
1209 1297 1292 1324 exivi.
1313 1294 1382 1322 Nam
1411 1295 1469 1329 ipse
1502 1293 1581 1320 Pater
1604 1297 1668 1320 tunc

881 1351 930 1370 vos
952 1343 1064 1375 amabit,
1092 1342 1162 1370 sicut
1181 1349 1243 1377 ego,
1270 1345 1465 1377 permanentes
1488 1339 1616 1367 videlicet
1639 1338 1666 1365 in

880 1396 973 1416 amore
983 1396 1015 1416 ac
1031 1388 1084 1416 tide
1096 1395 1160 1423 erga
1174 1395 1229 1414 me.

915 1443 993 1470 Vers.
1009 1443 1055 1470 28.
1069 1443 1147 1470 Exivi
1158 1458 1194 1463 —
1206 1442 1324 1470 Patrem.
1350 1441 1437 1468 Verba
1452 1440 1521 1471 hac.
1540 1439 1618 1467 Exivi
1640 1442 1668 1465 ct

881 1489 953 1520 Veni.
966 1489 1095 1523 Relinque
1108 1492 1136 1515 et
1151 1488 1237 1520 Vado,
1265 1480 1422 1519 ac'similia,
1442 1484 1611 1512 demittendo
1637 1491 1667 1510 se

879 1536 956 1568 dicit,
975 1539 1087 1569 propter
1105 1533 1290 1560 inﬁrmitatem
1307 1531 1496 1566 intelligentiae
1512 1529 1665 1564 discipulo-

32 1570 112 1602 νοῐας
122 1570 175 1597 τῶν
190 1571 330 1606 μαθητῶν,
342 1571 379 1613 ᾡς
389 1571 524 1606 διαφόρως
535 1572 697 1607 εἰρήκαμεν.
715 1573 760 1604 Ὠς
769 1573 821 1609 γὰρ

886 1588 948 1612 'um,
975 1579 1059 1607 veluti
1089 1579 1250 1613 frequenter
1273 1578 1403 1605 diximus.
1432 1575 1512 1603 Nam-
1535 1580 1663 1610 tanquam

32 1616 115 1647 Θεὸς,
129 1616 176 1642 καὶ
195 1617 224 1642 ὲν
243 1615 282 1651 τῷ
298 1609 386 1650 [Ia-Ep!
398 1614 442 1652 ἦν,
456 1618 503 1643 καὶ
526 1618 555 1643 ὲν
571 1617 609 1653 τῷ
623 1619 729 1654 κόσμῳ·
754 1620 822 1647 ἀπε-

33 1662 190 1698 ρῐγραπτον
206 1662 260 1697 γὰρ
276 1663 291 1696 ἡ
309 1662 414 1697 θεότης.

72 1707 121 1743 [Τὸ
146 1708 195 1742 μὲν
211 1706 266 1743 (68)
279 1707 336 1741 οὖν,
361 1707 510 1743 Ἐξῆλθον
524 1710 602 1744 παρὰ
624 1710 677 1737 τοῦ
698 1710 822 1744 Πατρός,

31 1753 111 1788 δηλοῖ
137 1753 168 1779 τὸ
194 1752 265 1780 εἶναι
293 1753 374 1781 αὐτὸν
399 1755 432 1781 ὲκ
455 1756 504 1790 τῆς
525 1756 619 1788 οὒσῑας
638 1757 685 1782 τοῦ
703 1756 822 1792 Πατρὸς,

31 1800 120 1834 ἤγουν
137 1799 200 1825 Υῑὸν
217 1800 328 1834 γνήσιον
358 1799 404 1827 τοῦ
420 1801 536 1836 Πατρός·
565 1802 594 1828 τὺ
619 1803 646 1829 δὲ
670 1802 823 1837 Ἐλήλυθα

31 1846 78 1875 εις
101 1846 156 1871 τὸν
179 1846 306 1880 κόσμον,
332 1847 500 1881 σημαντικδν
514 1848 564 1883 τῆς
589 1849 823 1884 ἑνανθρωπήσεως

31 1890 128 1917 αὑτοῦ·
156 1891 256 1925 ὁμοίως
280 1891 308 1917 δὲ
326 1892 418 1918 καὶτὸ
442 1892 557 1926 Ἁφίημι
574 1893 625 1920 τὸν
649 1894 775 1928 κόσμον·
792 1894 822 1920 τὸ

30 1936 73 1968 δὲ,
96 1936 260 1970 Πορεύομαι
279 1936 354 1970 πρὸς
366 1937 421 1963 τὸν
442 1937 567 1971 Πατέρα,
601 1939 750 1974 παρίστησι
774 1939 822 1975 τὴν

29 1981 254 2008 ἀποκατάστασιν
284 1982 333 2016 τῆς
366 1983 502 2018 προτέρας
529 1983 653 2016 ἐξουσίας
667 1985 715 2011 καὶ
742 1985 821 2020 δόξης

29 2026 139 2062 αὑτοῦ.]

69 2072 200 2108 Λέγουσι
213 2088 249 2092 -
266 2073 374 2108 λέγεις.
402 2089 436 2094 -
452 2074 517 2101 Νῦν
546 2075 682 2109 φανερῶς
703 2077 819 2110 λαλεῖς,

29 2119 80 2172 καὶ
104 2119 180 2146 οὐδὲν
198 2121 432 2155 συνεσκιασμένον
457 2121 558 2155 λέγεις·
578 2121 701 2158 ἔγνωμεν
725 2125 780 2159 γὰρ
803 2123 821 2151 ἃ.

29 2173 110 2196 ειπες
125 2174 183 2192 νυν.

66 2211 132 2238 Νῦν
157 2225 194 2232 -
216 2211 319 2245 ἐρωτᾷ.
335 2213 419 2239 Τοῦτο
438 2214 546 2248 λέγουσι
574 2215 818 2250 παρηγορηθέντες

27 2259 61 2285 οὐ
87 2257 193 2294 μικρῶς
209 2258 263 2285 aut
284 2258 337 2284 τῶν
354 2259 492 2294 ῥηθέντων
513 2260 611 2294 λόγων,
626 2261 664 2292 ὡς
682 2261 813 2296 μαθόντες
831 2270 853 2297 D

28 2306 71 2331 ὅτι
86 2305 280 2340 ἀναστήσεται,
294 2305 343 2331 καὶ
357 2305 437 2332 πάλιν
451 2306 551 2339 διδάξει
566 2308 676 2339 αὐτοὺς,
692 2310 739 2335 καὶ
749 2309 790 2335 ὄτι
801 2309 815 2335 ὁ

29 2351 126 2384 Πατὴρ
146 2351 219 2384 φιλεῖ
242 2351 350 2383 αὐτούς.
377 2353 414 2379 Τὸ
429 2353 478 2388 μὲν
493 2353 547 2388 γὰρ
564 2354 661 2381 ὲλπίδα
686 2354 815 2390 βοηθείας

27 2396 155 2429 παρεῖχε,
180 2395 210 2420 τὸ
232 2395 260 2421 δὲ
283 2395 471 2432 πληροφορίαν
493 2397 576 2432 ὀρθῆς
591 2398 707 2430 πίστεως
725 2406 732 2414 ι
753 2400 814 2425 τότε

26 2439 84 2471 γὰρ
100 2438 185 2464 ταῦτα
204 2439 321 2473 μάλιστα
341 2442 496 2476 νενοήκασι.
512 2443 598 2470 Φασὶν
624 2443 671 2470 οὖν
687 2444 728 2470 ὅτι
747 2444 811 2471 Νῦν

25 2483 152 2518 οἴδαμεν
174 2485 218 2511 ὅτι
232 2485 315 2518 οἶδας
331 2486 439 2519 πάντα,
458 2488 505 2515 καὶ
528 2489 562 2515 τὰ
590 2490 733 2525 ἀπόρρητα
758 2491 813 2517 τῶν

25 2529 189 2565 ἀνθρώπων.
205 2531 255 2558 καὶ
270 2532 307 2558 οὺ
319 2533 424 2566 χρείαν
435 2533 526 2568 ἔχεις,
546 2535 597 2561 ἵνα
615 2536 660 2568 τίς
673 2543 709 2562 σε
721 2535 814 2570 ἐρωτᾷ

26 2577 91 2611 περὶ
110 2573 147 2603 ὧν
165 2577 289 2612 βούλεται
320 2579 429 2613 μαθεῖν,
453 2581 523 2607 ἀλλὰ
551 2581 715 2616 προφθὰνων
739 2582 813 2613 λύεις

24 2622 57 2648 ’τὸ
73 2621 250 2657 ζητούμενον,
268 2624 323 2651 Καὶ
340 2623 418 2658 ἡμῶν
434 2625 489 2660 γὰρ
506 2626 695 2660 συζητούντων
711 2627 738 2653 τί
751 2628 811 2653 ἐστι

81 2709 105 2726 ⁸⁵
113 2709 207 2739 Matth.
226 2720 251 2739 χ.
267 2713 292 2739 Ι.
330 2714 353 2728 ¹¹
364 2714 424 2741 Act.
438 2722 457 2747 ι,
475 2714 492 2741 5
507 2722 583 2749 seqq.

879 1627 949 1655 Deus
960 1631 988 1654 et
1002 1627 1031 1654 in
1048 1626 1130 1654 Patre
1143 1630 1202 1653 erat
1220 1629 1248 1652 et
1263 1625 1290 1652 in
1302 1625 1421 1656 mundo;
1451 1622 1587 1658 siqnidetn
1620 1628 1664 1648 res

876 1673 936 1700 loco
952 1680 1006 1700 non
1023 1672 1228 1707 circumscripta
1246 1676 1288 1698 est
1309 1670 1450 1698 divinitas.

911 1717 1002 1752 itaque
1015 1717 1092 1744 Exivi
1106 1726 1122 1743 a
1138 1716 1376 1752 Patre,signiticat
1387 1723 1449 1743 esse
1464 1722 1526 1742 eum
1545 1714 1579 1741 de
1593 1712 1658 1740 sul)-

877 1763 976 1790 stantia
988 1763 1088 1794 Patris.
1105 1763 1163 1789 sive
1176 1762 1328 1797 legitimum
1344 1761 1433 1788 Patris
1458 1760 1569 1787 Filium.
1589 1758 1655 1785 Veni

877 1809 905 1835 in
919 1809 1056 1839 mundum.
1071 1808 1281 1843 signiileativum
1291 1811 1334 1834 est
1348 1804 1655 1838 incarnationisipsius;

877 1859 904 1882 et
923 1854 1048 1882 similiter
1060 1854 1130 1889 quod
1147 1854 1196 1886 ait,
1213 1853 1340 1888 Relinque
1356 1852 1493 1881 mundum.
1519 1851 1553 1877 At
1580 1849 1657 1878 illud.

879 1899 953 1926 Vada
966 1900 1001 1926 ad
1016 1899 1135 1931 Patrem,
1149 1899 1320 1925 demonstrat
1330 1896 1531 1924 restitutionem
1558 1894 1659 1930 prioris

875 1945 1003 1981 potentia?
1017 1952 1049 1972 ac
1064 1944 1157 1980 gloria}
1174 1944 1271 1979 ipsius.

908 2083 988 2110 γει-ς.
1005 2082 1050 2110 29.
1066 2082 1204 2109 Dicunt—
1217 2081 1294 2108 dicit.
1309 2095 1343 2100 -
1355 2080 1433 2107 Nune
1454 2079 1592 2114 manifeste
1621 2078 1662 2106 la-

875 2130 972 2165 queris.
987 2134 1013 2156 et
1030 2128 1100 2155 nihil
1114 2129 1252 2155 obtectum
1278 2127 1347 2155 dicis
1360 2134 1368 2160 ;
1381 2125 1565 2153 intelleximus
1577 2125 1661 2157 enim,

848 2177 860 2190 ⁸
874 2183 934 2210 quae
949 2182 1021 2201 nunc
1033 2174 1135 2201 dixisti.

909 2221 987 2248 Vers.
1005 2219 1049 2247 '50.
1070 2219 1147 2246 Nunc
1164 2220 1317 2254 interroget.
1339 2218 1398 2245 Hoc
1411 2217 1518 2246 dicunt.
1535 2215 1660 2243 consola-

870 2267 941 2294 tione
952 2274 1007 2293 non
1023 2265 1128 2292 modica
1143 2269 1254 2299 accepta
1266 2265 1300 2292 ab
1326 2264 1379 2296 his,
1395 2270 1465 2298 quos
1487 2262 1594 2289 loculus
1607 2265 1659 2292 est.

867 2313 1052 2342 sermonibus,
1081 2315 1177 2346 utpote
1218 2310 1419 2345 intelligentes.
1451 2308 1524 2344 quod
1550 2315 1658 2334 rursum

866 2362 1072 2386 resurrecturus
1083 2360 1167 2388 esset.
1188 2363 1352 2390 rursumque
1371 2362 1420 2382 θος
1455 2354 1588 2382 ᾶοειυῐιις
1604 2361 1611 2380 2
1631 2357 1658 2379 et

866 2403 937 2438 quod
951 2402 1033 2429 Pater
1064 2402 1139 2437 ipsos
1169 2405 1285 2428 amaret.
1304 2400 1374 2428 Illud
1402 2400 1539 2434 siquidem
1564 2398 1656 2426 auxilii

865 2456 941 2484 spem
954 2447 1100 2483 praebebat,
1113 2448 1166 2475 hoc
1178 2452 1269 2474 autent
1282 2453 1363 2474 rectze
1375 2446 1436 2472 ﬁdei
1452 2444 1656 2474 certitudinom,

868 2502 930 2521 nam
947 2498 1014 2521 tunc
1045 2493 1216 2528 potissimum
1253 2493 1311 2520 haec
1340 2491 1547 2519 intellexerunt.
1572 2488 1657 2516 Aiunt

868 2546 933 2573 ergo
944 2559 951 2570 .
968 2539 1048 2566 Nune
1058 2540 1155 2566 scimus
1168 2539 1238 2575 quod
1266 2539 1316 2565 scis
1331 2537 1432 2569 omnia.
1462 2535 1543 2562 etiam
1567 2532 1655 2560 homi-

867 2592 932 2611 num
945 2592 1042 2612 arcana
1056 2593 1064 2617 ;
1084 2593 1129 2611 nec
1140 2593 1204 2619 opus
1218 2589 1255 2611 est
1273 2584 1328 2617 tibi,
1355 2587 1384 2609 ttt
1398 2581 1457 2616 quis
1470 2585 1494 2607 te
1509 2580 1651 2612 interroget

867 2630 900 2657 de
913 2630 955 2657 his
972 2638 1032 2665 quae
1048 2630 1157 2658 discere
1179 2629 1308 2661 voluerit,
1326 2628 1374 2655 sed
1400 2625 1572 2662 pratveniens
1599 2623 1653 2650 dis-

580 2753 586 2761 ”
604 2760 705 2791 Variae
729 2761 882 2794 lectiones
900 2767 931 2794 et
957 2767 1051 2795 notae.

63 2793 118 2831 (68)
134 2795 238 2824 inclusa
254 2803 354 2825 assunt
371 2805 402 2826 Α.

61 2873 92 2910 (ο
107 2874 141 2902 Et
153 2878 255 2903 horam.
274 2877 327 2904 Kal.
343 2877 417 2913 ὥραν
433 2885 486 2906 non
503 2883 544 2906 est
559 2879 587 2906 in
602 2878 703 2907 Graeco.
