1911 3074
75 121 142 155 1441

554 119 745 150 COMMENT.
770 119 807 149 ΙΝ
828 120 1012 151 JOANNEM.
1031 133 1066 138 -
1084 121 1161 151 CAP.
1182 122 1276 151 XVII.

1632 126 1701 159 1442

72 182 104 214 τῇ
125 181 159 214 σῇ
169 177 278 213 ἐξουσίᾳ
288 184 295 192 ·
312 176 365 212 πρὸ
376 174 422 202 τοῦ
438 175 483 202 τὸν
504 174 605 210 κόσμον
627 174 764 208 γενέσθαι,
779 183 855 202 τουτε

918 181 1080 209 iotestatcm;
1090 177 1248 211 priusquam
1267 177 1311 204 hic
1319 177 1435 204 mundus
1442 177 1528 210 ﬁeret.
1542 179 1566 206 id
1575 186 1626 212 est,
1636 189 1699 211 ante

72 226 130 250 ἐστι
146 224 199 258 πρὸ
214 224 324 252 πάντων
336 221 382 248 καὶ
396 221 450 248 ἀεί.
467 220 509 256 [τὸ
524 220 551 246 δὲ
569 220 636 255 (82),
648 221 703 248 Kal
719 221 787 254 νῦν,
802 221 863 248 ἀντὶ

72 270 131 301 τοῦ,
147 269 259 296 Λοιπόν.

109 317 162 342 Καὶ
175 316 256 350 ἡμεῖς
272 314 363 341 τοίνυν
386 312 579 348 ἀπολαύσομεν
594 314 698 348 ταύτης
713 313 764 347 τῆς
779 313 859 346 δόξης

73 362 121 388 ἐὰν
137 359 326 396 μιμησώμεθα
341 359 434 387 αὐτόν.
451 360 521 394 Φησὶ
532 359 587 393 γὰρ
602 360 616 386 ό
630 358 753 390 Παῦλος³
768 359 860 392 Ειπερ

72 407 305 442 συμπάσχομεν,
338 406 389 432 ἵνα
404 405 454 432 καὶ
465 403 735 439 συνδοξασθῶμεν.
745 404 860 438 Μυριων

73 454 126 488 ἄρα
139 452 266 488 δακρύων
277 451 346 484 ἄξιοι
363 451 472 482 πάντως
483 451 519 483 οἱ,
532 450 662 484 τοιαύτης
676 449 860 485 προκειμένης

73 500 162 533 δόξης,
184 499 362 529 ἐκπίπτοντες
377 496 463 529 αὐτῆς
481 496 525 523 διὰ
544 496 694 532 ρᾳθυμίαν,
713 495 761 521 καὶ
777 495 858 528 δίκην

76 543 253 578 μαινομένων
275 542 323 569 καὶ
349 542 472 576 ἀνοήτων
497 541 719 572 ἐπιϐουλεύοντες
743 541 861 572 ἑαυτοῖς.

76 590 129 614 Καὶ
141 591 164 614 εἰ
181 588 218 624 μὴ
232 588 343 619 κόλασις
361 588 415 622 γὰρ
428 586 473 622 ἦν,
491 587 655 614 ἀθλιώτατοι
671 588 706 619 oi,
727 587 862 622 συμϐασι-

75 633 168 659 λεῦσαι
188 634 236 659 καὶ
252 632 468 667 ωνδοξασθῆναι
481 632 518 667 τῷ
535 633 592 667 Υίῷ
609 633 656 659 τοῦ
674 633 742 659 Θεοῦ
759 633 858 667 παρὸν,

73 677 240 711 τηλικούτων
264 677 375 711 ἀγαθῶν
396 677 513 707 ἑαυτοὺς
534 676 765 712 ἀποστεροῦντες.
798 677 859 703 οὐκ

73 722 143 754 ἄξια
153 723 218 758 γὰρ,
231 723 309 757 φησὶ,
325 722 360 748 τὰ
372 722 530 756 παθήματα
538 722 592 748 τοῦ
603 722 661 748 νῦν
673 721 777 755 καιροῦ
788 721 862 755 πρὸς

74 769 131 801 τὴν
139 768 317 803 μέλλουσαν
330 767 426 801 δόξαν
439 766 692 802 ἀποκαλυφθῆναι
703 768 746 800 εὶς
758 765 859 801 Mdg].

116 860 309 895 Ἐφανέρωσά
325 875 358 880 —
370 859 547 893 ἀνθρώποις.
563 857 656 885 Εἰπὼν
668 858 709 885 ὅτι
727 858 762 885 Τὸ
773 858 861 893 ἔργον

73 907 246 938 ἐτελείωσα,
272 906 449 941 ὲπεξηγεῖται
470 905 517 931 τὸν
535 905 625 939 λόγον.
651 905 706 931 Καὶ
729 904 783 940 μὴν
803 905 861 936 τοῖς

80 952 218 983 Ἰουδαίοις
254 952 485 986 πεφανερωμένον
517 949 552 986 ἦν
580 951 610 977 τὸ
642 950 728 985 δνομα
755 950 859 977 αὐτοῦ·

74 997 184 1032 ᾔδεισαν
202 998 257 1032 γὰρ
286 998 327 1023 ὅτι
352 997 417 1028 Θεός
433 997 505 1023 ἐστιν
517 1004 525 1012 ο
541 996 608 1022 ἀλλὰ
624 996 687 1030 περὶ
701 995 755 1022 τῶν
773 995 860 1023 ἄλλων

75 1043 161 1070 ἐθνῶν
174 1042 259 1075 λέγει,
277 1039 317 1072 οἷς
334 1042 474 1075 ἄγνωστον
488 1041 569 1068 τοῦτο
583 1040 628 1076 ἦν.

110 1089 145 1114 Ἣ
158 1089 242 1123 ὄνομα
258 1088 332 1122 λέγει
347 1088 377 1114 τὸ
391 1087 536 1122 πατρικὰν,
552 1088 593 1113 ὃτι
609 1087 668 1113 ἐστὶ
681 1087 778 1121 Πατὴρ
794 1086 859 1113 Υίοῦ

75 1135 198 1170 γνησίου.
214 1134 300 1160 Τοῦτο
326 1135 380 1169 γὰρ
399 1133 502 1168 ἀφανὲς
518 1133 612 1164 αὐτοῖς
635 1132 666 1160 ὃν
690 1133 757 1168 παρ’
773 1133 859 1160 αὑτοῦ

76 1179 246 1215 ἐφανερώθη.

113 1223 171 1256 Οὓς
191 1239 224 1243 -
240 1222 334 1258 ἦσαν.
353 1224 396 1255 Ὠς
411 1223 490 1251 Θεοῦ.

111 1271 165 1296 Καὶ
187 1286 221 1291 -
240 1271 381 1303 δέδωκας.
403 1270 446 1301 Ὠς
461 1271 511 1305 ἴσῳ
544 1270 612 1305 Περὶ
632 1270 687 1296 τῶν
703 1268 858 1296 ἀποστόλων

76 1316 105 1342 δὲ
126 1317 139 1341 ὁ
159 1315 246 1349 λόγος.
273 1316 399 1342 Δείκνυσι
422 1315 450 1341 δὲ
477 1315 617 1342 κάνταῦθα
640 1315 681 1341 ὅτι
714 1314 764 1340 οὐκ
783 1313 857 1339 ἐστιν

75 1361 206 1393 ἀντίθεος,
232 1361 281 1387 καὶ
308 1362 348 1388 ὅτι
375 1361 500 1395 6ούλημᾰ
528 1361 587 1387 ἐστι
617 1361 664 1387 τοῦ
693 1360 800 1395 Harpe;
828 1360 858 1385 τὺ

78 1406 215 1432 πιστεύειν
238 1405 334 1437 αὐτοὺς
355 1405 394 1436 εἰς
415 1406 459 1431 τὸν
475 1405 554 1431 Υἱόν⁸
582 1406 606 1431 εί
631 1405 695 1439 γὰρ,
719 1404 756 1435 ὦς
786 1412 858 1434 τινες

76 1451 215 1486 ληροῦσιν,
228 1451 271 1477 ὅτε
283 1449 354 1487 ἦσαν
367 1451 414 1477 τοῦ
429 1451 545 1485 Ματρὸς,
559 1451 609 1476 οὐκ
624 1449 693 1486 ἦσαν
704 1450 751 1476 τοῦ
771 1449 836 1476 Υἱοῦ
849 1469 857 1481 ,

77 1497 183 1529 λοιπὸν,
203 1497 265 1528 δοὺς
288 1497 385 1527 αὐτοὺς
400 1496 438 1531 τῷ
453 1496 521 1531 Υἱῷ,
543 1496 643 1530 ὶξὲστη
667 1496 769 1527 αὐτῶν,
790 1496 858 1530 ὅπερ

76 1542 185 1568 ἄτοπον.
201 1542 335 1574 Δέδωκας
347 1542 380 1568 δέ
393 1550 456 1576 μοι,
469 1541 540 1573 εἷπε,
562 1542 623 1568 καθ’
632 1542 661 1567 ὃν
672 1541 766 1576 εἴρηκε
782 1541 859 1575 λόγον

77 1587 208 1622 πρότερον
217 1595 225 1602 ·
234 1588 273 1613 ὅτι
283 1587 387 1620 οὐδεὶς
401 1587 525 1615 δύναται
537 1587 637 1614 ἐλθεῖν
647 1587 722 1620 πρὸς
732 1587 794 1622 ἐμὲ,
806 1587 857 1614 ἐὰν

76 1632 117 1666 μὴ
131 1633 147 1658 ὀ
161 1631 261 1665 Πατὴρ
277 1633 293 1658 ὀ
310 1632 431 1666 πέμψας
444 1640 480 1666 με
503 1631 618 1665 ἐλκύσῃ
634 1632 736 1658 αὐτόν.

120 1677 199 1703 Ἀλλὰ
219 1677 276 1708 πῶς
296 1678 493 1712 εἴρηκεν·οϋς
518 1678 647 1710 δέδωκάς
670 1686 720 1712 μοι
746 1677 780 1704 ὲκ
806 1677 859 1704 τοῦ

78 1724 214 1756 κόσμου;
234 1723 375 1758 προλαὸὼν
399 1725 453 1759 γὰρ
477 1724 529 1759 ἔφη
547 1724 614 1758 πρὸς
632 1724 730 1755 αὐτοὺς
753 1724 793 1750 ὅτι
814 1724 861 1750 Ἐκ

78 1770 129 1797 τοῦ
145 1770 261 1805 κόσμου
276 1770 331 1797 οὐκ
346 1770 426 1796 ἐστέ.
442 1770 553 1804 Κόσμον
567 1770 624 1796 ἐκεῖ
638 1770 687 1805 μὲν
700 1770 764 1802 τοὺς
779 1779 862 1806 πονη-

79 1819 140 1852 ροὺς
158 1817 309 1852 ὠνόμασεν,
332 1817 449 1844 ἐνταῦθα
462 1817 490 1843 δὲ
504 1816 577 1851 λέγει
587 1818 636 1852 τὴν
649 1817 735 1844 κτίσιν
749 1818 860 1851 ταύτην.

114 1864 167 1890 Καὶ
183 1878 218 1883 -
232 1863 422 1897 τετηρήκασι.
438 1864 473 1889 Τὸ
489 1863 595 1898 θέλημα
611 1871 658 1890 σου
679 1863 862 1899 πεπληρώκα-

80 1917 133 1940 σιν,
148 1909 177 1934 ἐν
193 1908 232 1942 τῷ
247 1908 394 1934 πιστεῦσαι
409 1909 450 1940 εἰς
466 1908 529 1943 ἐμέ.

114 1955 178 1982 Νῦν
196 1969 230 1974 -
256 1955 331 1981 ἐστι.
356 1968 391 1975 --
415 1953 491 1986 Ιγῦν,
516 1953 576 1989 ἤτοι
607 1954 675 1989 μετὰ
701 1954 731 1980 τὺ
754 1955 861 1989 μαθεῖν,

80 2001 236 2034 Ἔγνωσαν
249 2000 293 2026 ὅτι
306 1998 403 2026 πάντα
416 1999 470 2034 (85)
483 1999 541 2026 ὅσα
558 1998 690 2032 δέδωκάς
702 2008 765 2033 μοι,
781 2008 860 2026 τουτ-

79 2048 162 2077 έστιν,
181 2046 251 2072 Ὅσα
273 2045 344 2079 λέγω
366 2045 412 2071 καὶ
430 2045 560 2076 διδάσκω,
588 2046 646 2072 ἀπὸ
663 2045 721 2072 σοῦ
740 2048 810 2078 εἰσι,
828 2046 862 2072 σά

83 2094 151 2118 εἰσιν
169 2091 335 2127 ἐντάλματα,
352 2091 400 2118 καὶ
416 2091 492 2118 οὐδὲν
521 2091 586 2118 ἴδιον
607 2093 668 2126 ἐμοὶ
683 2091 699 2126 ἢ
723 2092 862 2126 ἀλλότριόν

80 2147 137 2166 σου.
151 2136 215 2165 Εἶτα
229 2138 304 2173 λέγει
315 2139 362 2166 καὶ
379 2138 461 2166 πόθεν
484 2137 563 2164 τοῦτο
580 2137 712 2172 ἔγνωσαν.

876 2193 901 2222 ι)

117 2232 182 2258 ὀτι
200 2246 236 2251 -
254 2231 447 2263 ἀπέστειλας.
473 2230 559 2256 Τοῦτο
585 2229 707 2263 ἔγνωσαν
731 2229 785 2256 ἀπὸ
807 2230 860 2256 τῶν

81 2278 211 2313 ῥημάτων
234 2273 271 2304 ὧν
296 2277 401 2303 δέδωκα
425 2276 529 2306 αὐτοῖς.
553 2276 608 2302 Καὶ
633 2276 687 2311 γὰρ
711 2275 860 2310 διαρρήδην

82 2323 220 2350 ἐδίδασκον
233 2323 274 2349 ὅτι
291 2322 324 2349 σά
342 2323 412 2348 εἰσιν
430 2321 479 2348 ὅσα
496 2320 568 2354 λέγω
586 2320 633 2347 καὶ
655 2320 784 2354 διδάσκω,
812 2321 860 2346 καὶ

80 2368 156 2394 αὐτοὶ
167 2368 262 2394 ἔλαϐον
278 2366 423 2398 εὐπειθῶς.

116 2413 208 2440 Ταῦτα
232 2414 261 2440 δὲ
284 2415 332 2440 καὶ
357 2414 391 2440 τὰ
412 2412 522 2440 τοιαῦτα
546 2412 699 2446 διαλέγεται
726 2412 793 2446 πρὸς
814 2412 860 2438 τὸν

83 2461 200 2496 Πατέρα,
216 2460 346 2487 δεικνύων
364 2461 418 2492 τοῖς
438 2459 575 2494 μαθηταῖς
594 2456 649 2485 οἷον
671 2460 728 2494 ἕχει
752 2459 863 2493 φίλτρον

84 2507 180 2533 ιὺτῶν.
200 2506 228 2532 Ὀ
241 2506 295 2541 γὰρ
312 2507 350 2540 μὴ
367 2506 448 2541 μόνον
464 2506 499 2531 τὰ
516 2505 581 2540 παρ’
604 2506 704 2531 ἑαυτοῦ
723 2505 862 2540 παρέχων,

85 2552 149 2578 αλλὰ
179 2551 225 2578 καὶ
256 2551 335 2578 ἄλλον
366 2553 407 2583 εἰς
435 2550 516 2578 τοῦτο
543 2551 722 2586 παρακαλῶν,
751 2551 862 2577 πλείονα

85 2598 197 2624 5εικνύει
212 2599 256 2625 τὸν
273 2598 365 2625 πόθον.

134 2669 156 2683 ³⁹
171 2666 249 2695 Rom.
269 2676 328 2700 rm,
343 2668 386 2695 l7.
442 2667 465 2684 "
485 2667 550 2695 ibid.
569 2668 614 2694 18.
667 2666 777 2695 “Joan.
797 2674 834 2698 Vl,
847 2666 892 2694 Η.

912 222 1004 249 omnia
1019 226 1045 248 et
1062 229 1181 257 semper.
1194 222 1271 254 Quod
1285 227 1375 250 autem
1388 223 1498 256 dicitur,
1513 223 1547 250 Et
1557 233 1635 260 nunc,
1649 228 1701 256 hoc

913 272 964 301 est,
981 267 1123 302 Deinceps.

946 311 981 338 Et
994 319 1044 339 nos
1057 319 1121 347 ergo
1141 312 1192 339 hac
1205 312 1328 339 fruemur
1341 312 1436 347 gloria,
1448 313 1471 340 si
1483 321 1544 340 eum
1570 314 1702 343 fuerimus

912 358 1022 385 imitati.
1038 357 1084 384 Ait
1094 357 1168 385 enim
1181 357 1282 385 Paulus
1297 367 1304 384 :
1319 357 1348 385 Si
1361 359 1537 393 computimur
1552 364 1580 386 ut
1596 365 1620 386 et
1631 359 1702 387 Eon—
1717 370 1719 375 ι

910 403 1088 438 glori/iceram
1102 403 1135 430 ”.
1151 402 1268 430 Omnino
1282 411 1349 431 sane
1368 405 1518 431 innumeris
1539 405 1612 440 digni
1637 410 1702 433 sunt

911 450 1048 485 lacrymis,
1062 449 1109 484 qui
1126 457 1187 476 cum
1204 450 1341 484 proposita
1368 451 1405 477 sit
1431 451 1586 485 huiusmodi
1603 452 1699 486 gloria,

911 503 960 523 sua
972 496 1087 531 segnitie
1100 496 1133 523 ab
1142 504 1174 524 ea
1188 497 1353 528 exciderint,
1369 502 1397 524 et
1412 504 1489 524 more
1505 497 1701 525 insanientium

911 549 945 568 ac
957 542 1126 569 dementium
1154 542 1206 569 sibi
1235 543 1301 576 ipsis
1322 542 1434 570 insidias
1449 543 1612 577 paraverint.
1634 542 1702 570 Nam

912 587 962 614 etsi
972 587 1076 614 nullum
1087 591 1159 614 esset
1176 587 1350 622 supplicium,
1364 588 1510 615 miserrimi
1526 592 1615 615 tamen
1631 588 1701 622 judi-

912 637 1048 660 carentur:
1061 633 1107 668 qui
1120 639 1182 659 cum
1196 633 1248 659 sibi
1257 638 1380 667 paratum
1397 633 1502 665 fuisset,
1518 637 1548 660 ut
1560 641 1620 659 cum
1633 632 1701 660 Filio

913 677 959 703 Dei
969 682 1169 712 conregnarth
1179 682 1207 705 et
1217 677 1499 712 conglorificarentur,
1515 678 1563 712 ipsi
1570 685 1630 705 sese
1642 679 1701 705 tali-

913 722 966 749 bus
981 721 1135 756 privassent
1143 721 1297 749 bonis.Nou
1311 727 1373 748 sunt
1389 723 1462 749 enim
1474 723 1609 757 caudignte
1631 723 1700 757 αῙῙιὶα

912 769 1008 795 ctione:
1021 769 1099 803 hujus
1110 769 1232 803 temporis
1246 769 1280 795 ad
1293 769 1408 803 futuram
1418 769 1603 804 gloriamque
1615 770 1701 795 mani-

913 815 1050 850 festabilur
1063 823 1124 850 erga
1142 815 1224 842 nos”.

875 851 898 881 Β
948 860 1025 887 Vers.
1035 860 1061 887 6.
1074 859 1243 895 Manifestavi
1252 860 1454 887 —Itominibus.
1463 859 1608 895 Postquam
1622 860 1700 888 dixit:

913 905 986 940 Opus
1002 907 1193 938 consummavi,
1211 906 1421 941 explanatnunc
1436 914 1602 934 sermonem.
1618 907 1701 942 Atqui

910 951 1010 979 Iudaeis
1035 952 1238 979 manifestatum
1263 958 1323 979 erat
1352 960 1452 980 nomen
1477 954 1546 987 ejus;
1571 959 1702 982 noverant

911 998 983 1025 enim
1001 1000 1073 1033 quod
1086 999 1159 1026 Deus
1179 1004 1262 1031 esset,
1272 999 1321 1026 sed
1347 999 1399 1026 hoc
1414 999 1447 1027 de
1459 999 1520 1027 aliis
1536 999 1601 1027 dicit
1613 1000 1701 1034 genti-

910 1044 972 1076 bus,
985 1045 1084 1078 quibus
1101 1045 1126 1072 id
1142 1045 1263 1080 ignotum
1278 1048 1346 1072 erat.

945 1090 1000 1115 Aut
1011 1097 1111 1116 nomen
1129 1090 1197 1117 dicit
1210 1094 1364 1124 paternum,
1381 1090 1454 1124 quod
1480 1089 1562 1117 Pater
1579 1090 1614 1117 sit
1639 1090 1700 1117 Filii

910 1136 1049 1161 naturalis.
1067 1135 1132 1162 Nam
1149 1143 1212 1163 cum
1230 1136 1255 1162 id
1271 1143 1318 1163 eos
1330 1135 1482 1170 lateret,_‘ab
1497 1136 1555 1170 ipso
1585 1135 1700 1163 manife-

910 1184 1011 1206 statum
1030 1186 1082 1207 est.

947 1224 1022 1251 Veis.
1036 1225 1061 1251 6.
1074 1224 1142 1257 Quos
1156 1240 1191 1244 —
1205 1231 1291 1253 erant.
1311 1224 1450 1260 Tanquam
1466 1225 1525 1253 Dei.

945 1270 1024 1297 Vers.
1034 1270 1060 1296 6.
1072 1269 1146 1296 Et—
1161 1271 1264 1297 dedisti.
1274 1271 1413 1306 Tanquam
1423 1272 1529 1306 :cquali.
1550 1271 1595 1298 Est
1610 1277 1699 1298 autem

909 1316 944 1343 de
969 1316 1099 1350 apostolis
1116 1323 1215 1344 sermo.
1229 1316 1287 1349 Quo
1312 1318 1393 1344 etiam
1418 1318 1463 1345 hic
1485 1318 1614 1350 ostendit,
1630 1319 1700 1353 quod

911 1368 966 1387 non
977 1361 1012 1388 sit
1028 1362 1081 1387 Deo
1096 1362 1393 1396 contrarius,quodque
1415 1358 1503 1389 Patris
1519 1368 1559 1389 est
1577 1362 1701 1390 voluntas

910 1412 938 1433 ut
952 1407 1062 1433 credant
1078 1407 1104 1433 in
1119 1408 1226 1435 Filium.
1242 1409 1307 1435 Nam
1325 1408 1360 1441 si,
1375 1413 1404 1435 ut
1422 1409 1531 1443 quidam
1553 1413 1698 1444 nugantur,

909 1458 970 1478 cum
993 1450 1080 1478 Patris
1095 1456 1183 1483 erant,
1210 1460 1264 1478 non
1279 1445 1358 1479 er’ant
1384 1452 1442 1484 lilii,
1461 1460 1631 1487 consequens
1659 1457 1701 1479 est

909 1501 950 1530 ut,
969 1504 1032 1524 cum
1059 1504 1107 1524 eos
1124 1498 1231 1524 dederit
1250 1496 1332 1530 Filio,
1356 1498 1515 1524 alien'averit
1537 1505 1584 1524 eos
1599 1506 1607 1531 ;
1622 1498 1696 1532 quod

910 1542 1059 1568 absurdum
1089 1546 1143 1569 est.
1172 1542 1284 1575 Dedisti,
1315 1543 1411 1576 inquit,
1430 1542 1594 1577 niilti,juxta
1619 1551 1700 1577 quem

911 1587 1020 1614 modum
1034 1587 1115 1614 etiam
1131 1587 1208 1621 prius
1222 1586 1337 1620 dixerat,
1351 1587 1435 1614 Nemo
1463 1592 1544 1622 potest
1571 1588 1656 1614 venire
1664 1588 1699 1614 ad

911 1641 961 1664 me,
979 1634 1028 1660 nisi
1039 1633 1130 1667 Pater,
1147 1635 1191 1669 qui
1207 1635 1277 1662 misit
1295 1643 1345 1666 me,
1362 1637 1474 1661 traaerit
1488 1643 1546 1661 eum
1559 1636 1592 1662 ".

946 1678 999 1706 Sed
1019 1680 1154 1713 quomodo
1168 1679 1237 1706 dixit
1253 1680 1339 1711 :Quos
1354 1680 1446 1707 dediin
1461 1680 1525 1706 mihi
1541 1681 1574 1707 de
1593 1681 1698 1712 munda,

911 1730 972 1750 cum
992 1724 1066 1758 prius
1079 1725 1178 1752 dixerit
1197 1725 1230 1752 ad
1251 1733 1298 1752 eos
1314 1734 1320 1752 :
1340 1725 1378 1752 De
1392 1728 1487 1752 mundo
1512 1734 1563 1752 non
1578 1726 1639 1752 estis
1653 1725 1674 1740 δ’
1689 1726 1700 1751 ?

912 1768 950 1795 lbi
972 1769 1080 1803 quidem
1111 1770 1196 1797 malus
1225 1770 1373 1804 appellavit
1396 1771 1528 1798 mundum
1545 1780 1552 1798 :
1571 1771 1616 1798 hic
1635 1779 1700 1799 vero

912 1813 1041 1839 fabricam
1056 1814 1141 1846 ipsam
1159 1815 1336 1841 mundialem.

947 1858 1024 1885 Vcrs.
1033 1858 1101 1885 6.113!
1117 1873 1150 1878 —
1165 1864 1342 1886 servaverunt.
1354 1859 1527 1887 Voluntatem
1538 1864 1611 1886 tuam
1624 1868 1700 1887 eom—

912 1905 1063 1940 pleverunt,
1084 1906 1218 1933 credendo
1236 1906 1263 1932 in
1275 1914 1330 1933 me.

948 1950 1024 1978 Vers.
1040 1951 1066 1978 7.
1080 1950 1156 1977 Nunc
1168 1966 1205 1970 —
1216 1957 1287 1978 sunt.
1302 1965 1337 1970 -
1352 1952 1439 1983 Nunc,
1455 1955 1599 1986 postquam
1625 1951 1699 1979 vide-

912 1997 975 2024 licet
989 1997 1152 2029 didicerunt,
1167 2002 1339 2031 cognouerunt
1352 1998 1420 2032 quod
1436 1999 1523 2024 omnia
1537 2005 1595 2032 quae
1607 1998 1699 2024 dedisti

913 2043 987 2074 mihi,
1003 2043 1055 2069 hoc
1083 2048 1134 2074 est,
1156 2044 1329 2077 Quaecunque
1355 2043 1415 2070 dico
1438 2051 1470 2070 ac
1497 2043 1592 2076 doceo,
1613 2043 1658 2070 ab:
1676 2049 1699 2069 te

912 2094 982 2121 sunt,
1008 2094 1053 2116 tua
1077 2094 1142 2116 sunt
1163 2094 1306 2124 praecepta,
1330 2094 1358 2116 et
1384 2089 1452 2116 nihil
1472 2088 1538 2116 mihi
1561 2089 1699 2123 proprium

913 2138 955 2161 est
969 2139 1017 2161 aut
1038 2135 1156 2161 alienum
1172 2142 1187 2161 a
1205 2138 1240 2161 te.
1258 2133 1360 2162 Deinde
1377 2135 1458 2162 etiam
1478 2134 1544 2161 dicit
1560 2134 1632 2161 unde
1650 2134 1700 2161 hoc

913 2185 1107 2214 cognovorunt.

952 2229 1028 2256 Vers.
1061 2230 1087 2256 8.
1111 2227 1178 2260 Quia
1195 2243 1230 2248 —
1249 2229 1354 2255 misisti.
1377 2228 1432 2255 lloc
1465 2232 1651 2263 cognoverunt
1669 2236 1699 2255 ex

913 2274 1015 2307 verbis,
1031 2282 1092 2309 qua:
1118 2274 1180 2301 dedi
1207 2274 1257 2301 eis.
1282 2275 1421 2308 Siquidem
1449 2278 1542 2309 aperte
1569 2275 1699 2301 docebam

915 2324 959 2347 tua
976 2327 1036 2346 esse
1050 2328 1219 2355 quaecunque
1236 2320 1358 2347 dicebam
1379 2327 1411 2352 ac
1429 2320 1569 2347 docebam.
1584 2320 1618 2347 Et
1650 2320 1699 2354 ipsi

913 2371 1087 2400 acceperunt,
1101 2365 1178 2393 facile
1193 2365 1326 2400 persuasi.

951 2413 1013 2440 Haec
1027 2418 1116 2440 autem
1130 2416 1157 2439 ct
1168 2412 1267 2439 similia
1280 2412 1400 2447 loquitur
1419 2412 1453 2439 ad
1465 2412 1583 2444 Patrem,
1611 2417 1699 2438 osleu-

914 2461 982 2488 dens
998 2459 1150 2494 discipulis,
1179 2466 1260 2493 quem
1275 2466 1338 2494 erga
1357 2459 1416 2486 illos
1438 2459 1553 2486 haberet
1569 2464 1699 2484 amorem.

914 2505 981 2532 Nam
992 2505 1038 2540 qui
1056 2512 1110 2532 non
1130 2509 1234 2532 tantum
1252 2512 1301 2532 sua
1315 2504 1418 2536 tribuit,
1437 2504 1484 2531 sed
1511 2508 1537 2530 et
1566 2503 1651 2529 alium
1668 2503 1699 2528 ad

915 2551 966 2578 hoc
988 2554 1124 2585 precatur,
1149 2549 1417 2577 vehementissimum
1455 2548 1572 2575 ostendit
1595 2546 1698 2574 deside.

914 2604 995 2624 num.

948 2666 971 2682 "
985 2666 1065 2694 Joan.
1083 2675 1128 2700 xv,
1142 2666 1186 2694 19.

698 2739 798 2770 Variae
818 2739 970 2770 lectiones
987 2743 1017 2769 ct
1032 2742 1127 2769 noun.

116 2805 171 2839 (82)
197 2804 302 2832 Inclusa
314 2805 414 2833 absunt
425 2806 457 2831 A.

116 2842 171 2872 (δό)
186 2841 240 2867 Καὶ
256 2840 284 2872 ἆ,
302 2848 350 2871 pro
379 2843 438 2870 ὅσα.
455 2841 483 2868 Β.
510 2841 652 2872 Ἕγνωσαν
669 2844 771 2871 autem.
798 2839 857 2866 loco

912 2803 1036 2838 ἔγνωκαν
1049 2810 1129 2830 versu
1140 2803 1166 2834 7,
1183 2807 1244 2829 cum
1261 2800 1454 2835 Clirysostomo
1477 2797 1552 2833 legit,
1565 2795 1612 2832 qui
1628 2804 1674 2824 ver
1693 2815 1699 2823 .

914 2839 928 2864 7
948 2845 976 2867 et
999 2839 1015 2866 8
1028 2838 1160 2866 confud1t.

1181 2890 1196 2903 Ψ
