1911 3074
239 108 308 138 H'i3

273 161 348 188 νεη-
366 161 392 188 9.
407 160 463 197 Ego
481 175 515 180 —
534 167 607 194 rogo.
624 157 676 186 Pro
687 158 730 186 eis
743 163 768 186 te
778 165 884 193 precor,
898 164 1024 193 tanquam
1041 164 1062 192 Α

238 208 328 235 homo.
345 206 412 234 Nam
425 211 452 233 et
471 207 516 233 hic
531 209 559 232 et
574 206 601 232 in
622 203 750 239 sequenti
767 204 901 232 sententia
920 204 1027 239 capitur

237 253 331 288 ερωτῶ
346 261 396 287 pro
415 252 529 279 obsecro.

273 297 349 324 Vers.
362 298 389 324 9.
412 298 472 324 Non
486 311 521 317 —
535 300 606 322 sunt.
626 295 686 323 Non
704 303 753 330 pro
778 295 886 322 mundo.
899 295 1027 323 universo

236 352 341 378 precor.
357 344 403 370 sed
422 351 472 378 pro
485 343 527 370 his
539 342 585 377 qui
603 342 719 369 credunt
731 342 759 368 in
774 349 817 369 me
832 349 915 373 :nam
928 342 973 376 qui
999 342 1027 368 in

237 398 278 415 tne
287 397 340 415 non
349 389 473 419 credunt,
485 389 580 415 nolunt
593 393 624 414 ut
634 395 683 422 pro
696 390 735 415 eis
750 395 837 415 orem.
859 388 1028 422 Frequenter

235 439 326 461 autem
353 434 430 468 ponit
447 434 559 461 verbum
587 434 692 466 dedisti,
722 438 751 460 ut
781 433 885 460 tirmius
909 433 1026 466 discant,

233 481 305 514 quod
338 479 427 506 Patris
451 479 576 506 voluntas
604 479 640 505 sit
664 484 694 506 ut
712 479 841 505 credatur
867 479 894 504 in
918 477 1026 505 Filium.

237 525 333 551 Verum
349 532 423 558 quia,
444 523 553 555 Dedisti,
566 528 594 551 et
612 524 661 550 Tui
681 529 754 554 sunt.
781 532 812 550 ac
826 523 937 555 similia,
962 523 1028 550 insi-

235 570 372 604 pientibus
419 578 516 604 pravas
543 575 704 604 generatum
735 574 813 596 erant
848 569 1027 604 suspiciones,

235 624 331 650 ncnipe
343 616 414 649 quod
430 617 516 650 major
527 620 554 642 et
566 616 704 650 antiquior
711 620 783 642 esset
795 615 881 642 Patris
891 615 1025 650 potentia,

238 661 288 686 lttls
303 661 383 686 solvil
394 661 490 687 dicens
505 670 512 687 :

276 705 352 732 \‘ers.
381 707 424 733 10.
442 707 476 732 Et
492 719 527 725 -ω
544 715 612 732 nica.
632 706 712 734 Vides
750 707 887 734 honorum
919 707 1029 742 aequali-

230 752 415 779 tatcm?nam
446 753 498 778 hoc
528 752 663 787 signiﬁcat
692 761 766 780 nunc
797 754 847 780 ista
874 755 1028 784 conversio.

234 799 300 825 Cum
316 800 388 826 enim
405 799 483 832 dixit,
497 799 544 826 Tui
557 805 629 832 sunt,
653 801 783 832 ostendit,
805 802 878 835 quod
895 802 975 828 etiam
1000 801 1026 827 bi

202 882 204 885 h
232 844 279 877 qui
294 844 344 870 Sibi
365 844 417 870 dati
442 849 514 876 sunt,
531 850 653 879 paterna:
669 846 723 872 sitit
734 847 887 880 potestatis,
911 854 946 873 ne
967 847 1028 881 quis

233 897 298 923 ergo
317 890 498 922 potentiorem
513 895 622 924 putaret
633 889 752 921 Patrem,
765 890 871 917 addidit
889 899 896 916 :
912 890 947 917 Et
969 899 1027 917 mea

230 935 320 961 omnia
340 939 386 961 tua
395 940 466 968 sunt,
481 940 503 961 et
522 941 569 961 tua
586 943 644 961 mea
658 940 730 961 sunt.
744 935 836 969 itaque
850 935 931 962 etiam
950 941 1028 963 ante-

233 988 313 1013 quam
327 982 469 1013 darentur,
493 980 552 1007 Filii
565 985 652 1013 erant,
672 987 700 1007 et
715 986 861 1015 postquam
882 982 937 1008 dati
953 987 1027 1013 sunt,

233 1026 321 1052 Patris
337 1031 558 1060 permanserunt,
573 1026 626 1052 hoc
656 1030 707 1057 est,
736 1033 844 1060 semper
872 1026 1026 1058 amborum,

230 1075 326 1105 utpote
345 1071 494 1105 aequalium
508 1071 535 1097 in
557 1071 705 1098 honoribus
718 1066 755 1097 et'
774 1071 861 1098 hortis.
890 1071 945 1098 Eos
965 1078 1028 1106 ergo

232 1117 299 1143 mihi
315 1116 426 1148 dedisti,
441 1117 487 1151 qui
504 1117 555 1143 mei
574 1120 662 1143 erant.
684 1115 784 1143 Dedisti
807 1124 874 1144 vero
896 1117 951 1143 dixi
970 1116 1026 1143 dis-

232 1163 397 1198 pensatorie,
415 1167 443 1189 ut
454 1168 631 1197 cognoscant,
648 1163 719 1197 quod
746 1169 801 1190 non
821 1167 919 1198 prater
930 1163 1029 1191 volun-

237 1212 320 1235 tatem
335 1213 408 1234 tuam
423 1208 472 1234 hos
487 1208 656 1234 attraxeriin.

268 1253 343 1280 Veis.
363 1251 407 1278 10.
423 1251 457 1278 Et
472 1266 507 1270 —
522 1253 567 1279 eis.
583 1251 670 1278 Etiam
687 1255 849 1286 potestatem
865 1251 977 1285 [habens
999 1253 1027 1280 in

233 1297 275 1324 his
292 1304 351 1331 quae
372 1303 417 1324 tua
432 1301 506 1329 sunt,
522 1296 593 1323 sicut
610 1297 638 1322 in
659 1296 700 1324 his
715 1304 775 1331 qua:
796 1304 855 1324 mea
871 1305 877 1323 :
894 1298 1024 1331 quemad-

234 1343 344 1370 modum
364 1347 391 1370 et
424 1343 497 1370 tuin
517 1342 560 1370 his
576 1350 634 1377 quia:
662 1350 722 1370 mea
743 1347 816 1376 sunt,
836 1343 907 1371 sicut
931 1344 959 1371 in
985 1345 1026 1372 his

231 1396 293 1423 quae
311 1393 365 1415 tua.

269 1435 324 1467 Vel,
341 1434 505 1469 gloriﬁcatus
520 1442 581 1461 sum
609 1435 636 1462 in
651 1435 803 1470 discipulis,
819 1435 865 1470 qui
888 1435 955 1462 mihi
970 1435 1026 1463 dati

232 1486 309 1513 sunt,
326 1481 534 1516 agnoscentibus
549 1489 592 1508 me
606 1481 750 1508 Dominum
765 1489 855 1514 suum,
867 1485 894 1508 et
912 1481 1027 1508 adoran-

231 1528 303 1554 tibus
317 1535 348 1554 ac
363 1527 574 1562 praedicantibus
593 1535 635 1555 me
650 1528 747 1555 Deum.

267 1574 344 1600 Vers.
370 1574 412 1600 II.
433 1574 466 1600 Et
486 1587 522 1594 —-
541 1576 648 1600 mundo.
675 1574 757 1601 Paulo
776 1579 838 1609 post
865 1574 1022 1601 moriturus.

231 1618 349 1645 llursuin
365 1624 454 1645 autem
481 1626 634 1645 sermonem
659 1619 693 1646 de
715 1625 804 1646 morte
830 1627 882 1646 sua
909 1619 1023 1650 inducit,

230 1666 469 1691 commendaturus
489 1672 538 1691 eos
558 1669 685 1698 tanquatn
703 1665 784 1692 homo
806 1666 860 1692 Deo
882 1673 913 1693 ac
934 1665 1023 1693 Patri.

231 1711 360 1744 Aitcrgo,
374 1709 435 1736 Jum
465 1718 517 1736 non
541 1711 642 1737 suntin
660 1712 769 1741 mundo,
789 1711 859 1739 sicut
881 1712 1022 1742 hactenus,

227 1764 291 1783 cum
315 1757 356 1783 eis
387 1763 530 1784 conversar
545 1770 558 1783 ο
575 1761 602 1783 et.
630 1758 805 1790 conﬁrmans,
835 1758 969 1792 inungens
992 1765 1023 1785 ac

230 1802 373 1829 consolans
388 1802 459 1830 illos.

265 1847 344 1875 Vers.
378 1849 420 1875 II.
447 1849 482 1875 Et
499 1864 533 1869 —
553 1854 625 1876 sunt.
656 1847 782 1876 Nondum
813 1849 971 1882 morientes,
995 1854 1023 1877 et

230 1900 374 1928 propterea
399 1899 445 1922 tuo
460 1899 540 1930 egent
557 1894 668 1922 auxilio.
687 1894 755 1921 Cum
780 1901 872 1922 autem
898 1895 1020 1929 dixisset,

229 1939 289 1966 lam
302 1948 354 1967 non
374 1949 431 1967 sum
452 1941 481 1968 in
501 1943 608 1972 mundo,
624 1941 821 1975 interpretatur
835 1941 887 1967 hoc
904 1941 998 1968 dicens
1012 1949 1020 1968 :

266 1985 342 2013 Vers.
369 1986 411 2012 Il.
433 1986 465 2012 Et
481 2001 515 2006 —-
529 1987 613 2012 venio.
635 1986 712 2012 Sicut
738 1985 823 2012 Filius
848 1986 882 2013 ad
903 1986 1020 2018 Patrem,

231 2034 423 2057 COnSUﬂIlDHlO
436 2031 490 2066 jam
507 2038 600 2065 opere,
621 2035 650 2057 ut
661 2030 763 2057 dictutn
779 2035 829 2057 est.

266 2075 348 2103 Vcrs.
375 2076 418 2103 tl.
435 2076 517 2102 Pater
531 2091 563 2097 —
581 2084 631 2103 me.
648 2075 699 2103 Per
713 2083 813 2103 nomen
836 2081 911 2104 tuum
932 2077 1021 2104 omni-

230 2125 336 2154 potens,
364 2121 435 2154 quod
453 2125 481 2147 et
497 2128 551 2156 ego
570 2125 666 2147 natura
695 2120 794 2148 habeo.
822 2120 889 2148 Nam
916 2126 944 2148 et
971 2129 1021 2156 ego

846 105 1037 135 EUTHYMI]
1064 104 1245 135 ZIGABENI

1811 103 1877 135 154i

1119 158 1192 193 Ἐγὼ
1210 173 1244 178 -
1258 156 1365 192 ἐρωτῶ.
1387 157 1473 192 ’Υπὲρ
1492 157 1580 183 αὐτῶν
1598 155 1759 192 παρακαλῶ
1781 164 1829 189 σε,
1848 158 1877 187 ὡς

1078 205 1127 232 ἄνθ
1131 213 1230 240 ρωπος.

1117 291 1157 318 οὐ
1173 305 1207 311 -
1221 292 1309 318 εἰσιν.
1329 290 1366 316 Οὐ
1383 289 1448 324 περὶ
1467 288 1514 315 τοῦ
1531 290 1636 323 κόσμου
1652 289 1761 320 παντὸς
1782 297 1874 322 παρι-

1079 337 1165 368 καλῶ,
1179 336 1247 362 ἀλλὰ
1264 336 1328 370 περὶ
1343 335 1397 362 τῶν
1414 334 1598 361 πιστευόντων
1614 335 1655 365 εἰς
1671 334 1735 368 ὲμέ.
1766 333 1804 361 Οἱ
1827 335 1871 367 γᾶς

1081 385 1118 419 μὴ
1132 383 1309 411 πιστεύοντες
1322 383 1352 408 οὐ
1378 381 1501 408 Θέλουσιν
1517 381 1561 408 ἵνα
1578 381 1644 416 περὶ
1659 380 1755 407 αὐτῶν
1781 389 1872 415 πειρα-

1079 429 1165 457 καλῶ.
1194 428 1307 459 ῘΙυκνῶς
1324 427 1351 453 δὲ
1371 427 1462 462 τίθησι
1482 427 1511 453 τὸ
1527 426 1672 459 Δέδωκας,
1694 426 1741 452 ἵνα
1764 427 1874 460 ptimo:

1081 475 1201 510 βεὸαιότε
1208 483 1253 509 ρον
1265 475 1306 500 ὅτι
1315 473 1425 508 θέλημα
1435 472 1481 499 τοῦ
1494 472 1600 507 Πατρός
1612 473 1669 498 ἐστι
1680 472 1711 498 τὺ
1724 471 1874 498 πιστεύει-ι

1080 522 1118 551 εἰς
1136 520 1180 546 τὸν
1200 515 1275 546 Ῡὶόν.
1296 517 1391 554 [Ἐπεὶ
1405 517 1464 553 (84)
1479 517 1509 543 δὲ
1528 516 1558 543 τὸ
1584 516 1718 549 Δέδωχάς
1735 525 1807 550 μοι,
1831 518 1875 541 καὶ

1079 567 1110 592 τὸ
1127 566 1179 592 Σοί
1193 567 1262 596 εισι,
1279 565 1325 591 καὶ
1340 565 1374 591 τὰ
1389 563 1503 590 τοιαῦτα
1516 562 1630 597 ἔμελλον
1642 562 1804 597 ὲμποιῆσιιι
1819 562 1876 592 τοῖς

1081 613 1224 643 ἀσυνέτοις
1252 610 1370 645 ὑποψίας
1390 610 1510 645 πονηρὰς
1532 609 1573 635 ὅτι
1598 609 1698 643 μείζων
1714 609 1732 643 ἡ
1757 608 1876 641 ﬁgo-mi:

1079 660 1125 686 τοῦ
1143 658 1249 694 [ἰατρὸς
1263 658 1311 684 καὶ
1329 656 1544 692 προγενεστέρα,
1560 654 1618 681 λύει
1634 655 1739 685 ταύτας
1755 653 1874 688 λέγων]

1114 705 1170 732 Kal
1196 719 1230 724 —
1252 702 1318 738 ἐμά.
1342 700 1420 733 Εἶδες
1441 701 1596 736 ἰσοτιμίανς
1617 700 1699 726 τοῦτο
1718 699 1778 734 γὰρ
1797 699 1876 733 δηλοῖ

1080 751 1126 777 νῦν
1151 752 1167 785 ἡ
1183 749 1361 784 ἁντιστροῳή.
1389 746 1480 774 Εἰπὼν
1505 747 1555 781 μὲν
1574 743 1620 772 οὖν
1641 746 1681 772 ὅτι
1699 745 1756 771 Σοί
1779 745 1873 775 εἰσιν,

1080 797 1180 829 ἕδ;ιξεν
1202 797 1243 822 ὅτι
1264 795 1311 822 καὶ
1336 794 1457 824 δοθέντες
1486 792 1559 827 αὐτῷ
1587 791 1638 826 τῆς
1666 790 1801 822 ἐξουσίας
1825 789 1871 815 τοῦ

1046 839 1066 865 Β
1083 844 1189 878 Πατρός
1209 843 1288 869 εἰσιν.
1306 842 1364 867 Ἵνα
1379 839 1408 866 δὲ
1436 839 1473 874 μὴ
1488 838 1587 873 νομίσῃ
1609 845 1651 868 τις
1668 835 1807 862 ἐντεῦθεν
1829 835 1869 861 ὅτι

1080 888 1358 923 ἐξουσιαστικὼτερός
1377 887 1451 912 ἐστιν
1467 886 1481 912 ὀ
1496 885 1602 919 Πατὴρ,
1620 882 1782 918 προσέθηκε
1795 890 1804 896 ·
1820 881 1871 908 Καὶ

1078 937 1114 962 τὰ
1126 935 1182 969 ἐμὰ
1193 934 1300 964 πάντα,
1314 932 1355 959 σά
1365 933 1441 964 ἐστι,
1455 930 1504 958 καὶ
1516 930 1551 957 τὰ
1564 928 1604 956 σὰ
1615 928 1682 962 ἐμά.
1696 927 1798 963 [Ὥστε
1817 927 1872 962 (85)

1079 983 1126 1009 καὶ
1141 982 1194 1016 πρὸ
1216 980 1262 1007 τοῦ
1282 979 1393 1013 δοθῆναι
1414 977 1459 1004 τοῦ
1489 976 1554 1003 Υῑοῦ
1572 974 1654 1011 ἦσαν,
1679 974 1730 1001 καὶ
1750 973 1828 1009 μετὰ
1846 974 1872 998 1';

1078 1028 1186 1062 δοθῆναι
1209 1025 1256 1052 τοῦ
1282 1025 1399 1059 [ἰατρὸς.
1421 1023 1558 1050 τουτέστιν
1580 1021 1623 1048 ἀεὶ
1644 1020 1822 1055 ἀμφοτέρων
1837 1019 1871 1050 ὡς

1081 1073 1219 1108 ἰσοτίμων.
1243 1071 1367 1101 Δέδωκοις
1389 1069 1436 1096 οὖν
1459 1077 1506 1104 μοι
1520 1069 1582 1099 τοὺς
1607 1067 1703 1100 ἐμούς.
1728 1065 1869 1097 Δέδωκας

1076 1120 1106 1146 δὲ
1126 1117 1202 1145 εἷπον
1225 1116 1417 1151 οἰκονομικῶς,
1434 1115 1478 1142 ἵνα
1505 1114 1607 1148 γνῶσιν
1619 1114 1659 1139 ὅτι
1675 1113 1706 1139 οὑ
1736 1111 1821 1147 παρὰ

1080 1166 1125 1191 σὺν
1143 1163 1249 1198 θέλημα
1265 1162 1375 1194 τούτους
1392 1158 1615 1195 ἐπεππασάμην].

1114 1258 1170 1284 Καὶ
1185 1271 1220 1277 --
1231 1255 1342 1285 αὐτοῖς.
1356 1254 1411 1280 Καὶ
1423 1252 1550 1286 ἐξουσίαν
1564 1251 1618 1287 ἔχω
1627 1251 1658 1277 ὲν
1673 1251 1734 1282 τοῖς
1752 1251 1816 1282 σοῖς
1834 1250 1867 1281 ὡς

1078 1305 1165 1339 ἐμοῖς,
1181 1302 1275 1336 ὥσπερ
1288 1301 1335 1328 καὶ
1351 1300 1383 1326 σὺ
1395 1301 1424 1326 ἐν
1437 1300 1494 1331 τοῖς
1509 1298 1585 1332 ἐμοῖς
1598 1297 1636 1329 ὡς
1652 1297 1720 1328 σοῖς.

1114 1435 1159 1467 Ἢ,
1175 1433 1335 1468 δεδόξασμαι
1353 1433 1379 1458 ἐν
1397 1432 1452 1462 τοῖς
1466 1430 1565 1457 δοθεῖσι
1583 1438 1628 1464 μοι
1646 1428 1784 1464 iuerint;
1805 1429 1865 1455 ἒπε-

1078 1480 1173 1516 γνοῦσι
1202 1480 1251 1515 μὲν
1277 1479 1380 1514 Κύριον
1404 1477 1509 1504 ἑαυτῶν
1532 1476 1580 1503 καὶ
1605 1474 1794 1511 προσκυνοῦσι
1822 1475 1865 1501 καὶ

1077 1526 1246 1563 κηρύττουσί
1265 1534 1298 1561 με
1312 1525 1388 1552 Θεόν.

1110 1573 1167 1601 Kal
1191 1588 1227 1593 —
1250 1572 1364 1606 κόσμῳ.
1386 1570 1462 1598 Μετὰ
1480 1569 1576 1605 μικρὸν
1600 1568 1795 1604 ἀποθνήσκων.
1811 1569 1863 1594 Πά-

1074 1621 1116 1648 λιν
1140 1620 1198 1656 (86)
1224 1620 1252 1646 δὲ
1280 1620 1385 1653 εἰσάγει
1403 1618 1434 1644 τὸ
1459 1618 1524 1652 περὶ
1550 1617 1597 1643 τοῦ
1624 1617 1742 1644 θανάτου
1767 1616 1861 1646 αὐτοῦ,

1077 1667 1181 1702 μέλλων
1196 1666 1306 1698 αὐτοὺς,
1330 1666 1367 1697 ὡς
1384 1665 1537 1700 ἄνθρωπος,
1554 1662 1727 1698 παραθέσθαι
1751 1662 1791 1697 τῷ
1807 1662 1861 1695 Θεῴ

1075 1716 1121 1741 καὶ
1134 1713 1231 1749 Πατρι.
1245 1713 1329 1747 Φησὶν
1345 1711 1390 1738 οὖν
1416 1712 1457 1738 ὅτι
1480 1711 1584 1737 Οὐκέτι
1607 1710 1662 1744 (87)
1678 1710 1738 1744 εἰμὶ
1761 1709 1800 1735 ἐν
1825 1708 1859 1740 τῷ

1074 1761 1187 1796 κόσμω,
1217 1760 1343 1794 καθάπερ
1359 1758 1422 1793 ἄχρι
1448 1758 1505 1790 νῦν,
1526 1757 1624 1788 συνὼν,
1643 1756 1691 1782 καὶ
1703 1755 1855 1790 στηρίζων,

1074 1807 1122 1833 καὶ
1138 1806 1267 1840 ἀλείφων,
1285 1805 1333 1831 καὶ
1349 1804 1515 1840 παρηγορῶν
1532 1803 1630 1834 αὐτούς
1647 1802 1716 1837 (88).

1110 1853 1176 1889 (Καὶ
1188 1853 1243 1888 (89)
1258 1867 1293 1872 -
1307 1852 1379 1879 εἰσί.
1391 1852 1483 1886 Μήπω
1503 1850 1733 1884 ἀποθνήσκοντες,
1751 1848 1802 1874 καὶ
1819 1848 1858 1874 διὰ.

1074 1899 1153 1926 τοῦτο
1175 1898 1225 1934 τῆς
1246 1899 1294 1934 σῆς
1315 1898 1418 1924 δέονται
1436 1897 1572 1932 βοηθείας.
1592 1894 1682 1921 Εἰπὼν
1694 1894 1723 1920 δὲ
1742 1894 1786 1920 ὅτι
1801 1895 1856 1921 οὐκ

1073 1946 1130 1981 εἰμὶ
1147 1945 1182 1972 ἐν
1195 1944 1235 1977 τῷ
1250 1946 1364 1979 κόσμῳ,
1376 1943 1558 1979 ἐφερμηνεύει
1571 1943 1650 1969 τοῦτο
1664 1943 1754 1976 λέγων
1764 1951 1773 1958 ·

1107 1992 1163 2020 Kal
1187 2007 1222 2013 —
1247 1991 1394 2026 épzoyat].
1426 1991 1469 2023 Ὠς
1498 1990 1561 2022 Υἱὶς
1586 1989 1654 2025 πρὸς
1677 1989 1804 2024 Πατέρα,
1832 1988 1857 2013 τὸ

1073 2039 1153 2073 ἔργον
1168 2038 1326 2074 τελειώσας,
1344 2037 1382 2068 ὡς
1398 2039 1516 2072 εἴρηται.

1108 2086 1205 2120 Πάτερ
1222 2100 1256 2105 -—
1268 2094 1330 2120 μοι.
1355 2085 1404 2111 Διὰ
1418 2084 1464 2111 τοῦ
1479 2083 1610 2118 ὀνόματός
1626 2091 1672 2108 σου
1687 2082 1736 2108 τοῦ
1759 2091 1855 2109 παντο-

1078 2133 1200 2168 δυνάμου
1216 2132 1230 2159 ὃ
1245 2132 1298 2167 ἔχω
1315 2131 1395 2166 φύσει
1408 2129 1497 2164 κάγώ.
1516 2129 1593 2166 (Θεὸς
1615 2129 1671 2164 (90)
1686 2129 1743 2163 γὰρ
1757 2127 1854 2163 κᾶγώΙ.

230 2168 301 2194 Deus
315 2175 387 2194 sum.
405 2167 506 2194 Iterum
519 2172 610 2194 autent
625 2167 673 2199 ait,
690 2166 811 2200 Danasti,
831 2175 865 2194 ne
877 2168 932 2194 Deo
945 2168 1020 2194 vide-

1090 2166 1159 2205 [άλιν
1184 2178 1212 2204 δὲ
1235 2178 1265 2204 τὺ
1292 2176 1435 2209 Δέὃωκας,
1455 2176 1498 2202 ἵνα
1513 2176 1550 2211 μὴ
1571 2175 1633 2210 δόξῃ
1659 2174 1800 2206 ἀντίθεος·
1813 2174 1854 2210 ῆό

230 2220 306 2240 retur
321 2221 382 2240 esse
397 2213 565 2240 contrarius.
589 2213 645 2246 Vel,
661 2214 731 2248 quod
746 2213 845 2241 dedisti
861 2213 938 2246 mihi,
956 2219 1018 2241 tan-

229 2267 309 2294 quam
327 2260 444 2286 nomini.

267 2305 341 2333 Verr.
357 2306 400 2332 Il.
425 2306 456 2333 Ut
470 2307 523 2334 sint
538 2315 630 2333 unum.
646 2306 755 2335 Unitate
768 2307 841 2341 ﬁdei,
861 2315 920 2343 quae
932 2307 960 2335 in
974 2315 1017 2335 me

229 2355 279 2382 est,
301 2354 329 2376 et
354 2355 447 2377 mutua
477 2351 630 2385 dilectione,
658 2352 691 2379 de
712 2359 766 2387 qua
782 2354 907 2388 superius
933 2354 1018 2381 multa

227 2397 267 2423 eis
286 2401 461 2431 prazceperat.
492 2405 498 2409 ·

264 2443 340 2470 Vers.
357 2444 398 2470 ll.
414 2443 488 2470 Sicut
503 2452 560 2471 nos.
573 2443 700 2472 I’raadixit
714 2445 799 2479 enim,
821 2447 876 2481 Ego
902 2452 926 2473 et
937 2446 1017 2473 Pater

229 2498 309 2517 unum
322 2498 412 2517 sumus
426 2490 457 2517 ".
481 2490 558 2519 Prius
573 2496 664 2519 autem
679 2492 737 2519 aliis
751 2492 778 2519 in
796 2492 862 2519 locis
887 2492 1016 2518 disserui-

286 2549 309 2565 "
321 2549 400 2576 Joan.
412 2557 439 2583 χ,
453 2549 499 2578 50.
650 2541 663 2554 .

1073 2225 1191 2255 δέδωκάς
1212 2233 1270 2259 μοι,
1286 2224 1323 2255 ὡς
1338 2223 1486 2258 ἀνθρώπῳ.

1109 2308 1176 2336 Ἵνα
1199 2305 1274 2335 ὦσιν
1296 2307 1342 2333 ἓν.
1368 2307 1426 2333 Ἵνα
1449 2303 1516 2332 ὦσιν
1538 2305 1578 2338 ἒν,
1599 2307 1632 2341 τῇ
1644 2305 1743 2332 ὲνώσει
1760 2308 1809 2342 τῆς
1820 2308 1851 2337 εἰς

1071 2354 1123 2391 ἐμὲ
1149 2354 1278 2386 πίστεως,
1317 2353 1365 2380 καὶ
1398 2353 1448 2388 τῆς
1486 2353 1527 2384 εἰς
1566 2351 1700 2387 ἀλλήλους
1736 2353 1850 2388 ἀγάπης,

1074 2401 1151 2438 [περὶ
1178 2400 1234 2437 (91)
1258 2398 1294 2436 ἦς
1318 2400 1444 2436 ἀνωτέρω
1467 2398 1553 2426 πολλὰ
1574 2399 1665 2430 αὐτοῖς
1679 2399 1848 2434 ἐνετείλατο]

1105 2447 1209 2479 Καθὼς
1233 2447 1328 2481 ἡμεῖς,
1355 2446 1518 2482 [Προειρηκε
1546 2446 1602 2481 (92)
1628 2446 1701 2481 γὰρ·
1727 2446 1769 2473 ὅτι
1789 2446 1849 2481 Ἐῖὼ

1071 2495 1121 2521 καὶ
1144 2495 1161 2520 ὁ
1186 2493 1287 2527 Πατὴρ
1310 2493 1346 2520 ἓν
1359 2493 1464 2527 ἐσμεν.
1484 2492 1754 2528 Προδιεστειλάμεθα
1769 2493 1797 2520 δὲ
1811 2492 1849 2519 καὶ

831 2608 932 2638 Variae
946 2609 1100 2641 lectiones
1116 2613 1147 2640 et
1162 2613 1256 2641 notua.

263 2672 319 2706 (84)
339 2672 444 2700 Inclusa
455 2673 555 2700 otnittit
568 2674 600 2700 A.

262 2708 318 2742 (85)
333 2707 440 2734 Inclusa
456 2709 557 2735 absunt
566 2709 600 2736 A.

262 2743 317 2776 (36)
335 2743 419 2769 Πάλιν
435 2743 531 2776 ἐπάγει
545 2746 578 2771 Α.

263 2779 319 2844 (87)
336 2777 397 2804 ’Ότι
414 2779 464 2820 οὺις
478 2779 535 2820 εἰμί
550 2780 580 2804 Α.

276 2813 320 2844 88)
332 2812 397 2840 Post
425 2814 538 2844 Λυτους,
555 2822 580 2842 at

276 2813 320 2846 88)
332 2812 397 2840 Post
425 2814 538 2847 Αὑτούς,
555 2814 629 2842 addit
651 2816 671 2841 Α
685 2823 692 2842 :
706 2815 742 2842 Τὸ
755 2815 782 2842 δὲ
811 2817 856 2843 ναὶ
872 2816 926 2850 ἐγὼ
945 2816 1013 2852 πρὸς

1073 2676 1103 2702 οὲ
1118 2676 1245 2712 ἔρχομαι.

1107 2712 1163 2747 (89)
1183 2712 1289 2740 Inclusa
1307 2712 1405 2739 absunt
1418 2712 1451 2739 Α.

1108 2747 1163 2780 (90)
1177 2747 1283 2774 Inclusa
1299 2747 1459 2774 exciderunt
1469 2747 1502 2774 A.

1104 2783 1159 2814 (vi)
1178 2783 1282 2809 Inclusa
1299 2783 1399 2808 absunt
1417 2784 1451 2810 A.

1105 2817 1160 2852 (9‘2)
1176 2818 1283 2845 Inclusa
1301 2817 1401 2845 absunt
1414 2817 1446 2845 A.
