1911 3074
62 98 132 130 1445

536 97 729 128 COMMENT.
750 97 791 128 ΙΝ
812 96 1048 127 JOANNEM.—
1066 97 1144 128 CAP.
1165 97 1260 128 XVI].

1626 99 1693 133 1446

57 159 87 184 ὲν
104 157 194 188 ἀλὶοις
209 157 248 184 ὅτι
264 156 295 184 τὸ
311 156 413 189 Καθὼς
429 157 476 184 iul.
488 156 522 182 τὰ
536 156 652 183 τοιαῦτα
669 156 716 183 ἐπὶ
735 156 785 191 μὲν
798 155 847 190 τῆς

910 162 972 187 nus,
986 155 1058 190 quod
1071 154 1162 186 καθὼς
1175 154 1254 188 sicut,
1267 159 1294 181 et
1306 155 1415 186 similia,
1427 155 1461 182 de
1479 162 1571 184 sant-ta
1580 161 1691 193 quidem

56 204 136 237 ἁγίας
153 204 269 239 Τριὸιδος
288 204 400 239 ἰσότητα
423 203 561 238 δηλοῦσιν,
586 204 633 229 ἐπὶ
657 203 687 229 δὲ
704 202 773 229 Θεοῦ
792 202 840 229 καὶ

55 249 209 286 ἀνθρώπων
232 249 362 284 ὁμοίωσίν
386 258 458 277 τινα.
479 250 527 275 ’Ἑν
551 247 598 276 οὗν
620 250 690 275 εἰσιν
714 250 729 275 ὀ
750 249 846 284 Πατὴρ

65 299 112 323 καὶ
125 298 138 323 ὁ
154 296 241 332 Υἰὸ;],
258 296 353 332 ὥσπερ
370 299 404 332 τῇ
420 297 500 332 οὖσίᾳ
517 297 564 323 καὶ
579 298 635 327 τοῖς
655 296 756 329 ἄλλοις,
775 295 846 323 οὕτω

59 342 108 368 καὶ
123 344 155 376 τῇ
173 342 295 377 ὁμονοίᾳ.
320 343 422 369 Λοιπὶιν
437 341 482 369 οὖν
506 344 546 376 τὺ,
563 343 665 376 Καθὼς
680 343 777 377 ἡμεῖς,
802 343 845 370 διὰ

55 387 86 413 ab
101 387 253 422 ἀδιαίρετον
269 388 315 415 καὶ
331 388 526 424 ἀδιάρῤηκτον.

95 433 163 459 Ὅτε
178 447 212 454 --
227 440 296 460 σοι’.
310 433 374 460 Ὅτε
390 434 464 469 ἤμην
485 435 514 460 ἐν
529 434 567 470 τῷ
582 434 676 469 κόσμῳ
688 435 725 467 ὡς
741 435 846 469 ἂνθρω-

55 487 126 508 7m;-
157 479 200 505 ἀεὶ
233 480 285 515 γὰρ
311 481 370 514 είμι
393 480 430 511 ὡς
459 480 546 512 Θεὸς·
575 482 619 507 ὅτε
646 480 701 515 ἐγὼ
730 482 845 517 ἐτήρουν

63 525 163 556 αὐτοὺς
188 526 217 551 ὲν
247 527 279 560 τῇ
304 526 491 561 δυνάμεισου,
517 527 601 562 ἤγουν
622 529 651 553 ἐν
668 529 726 554 σοί·
751 530 767 563 ἡ
791 528 844 564 ἐμὴ

56 571 110 605 γὰρ
125 571 240 605 δύναμις
259 572 303 607 σὴ,
321 572 368 598 καὶ
382 573 438 606 ἐγὼ
454 572 502 599 καὶ
519 575 552 599 σὺ
568 572 597 599 ἓν
608 574 704 606 ἐσμεν.

91 615 145 641 Καὶ
161 615 199 647 ὡς
219 616 363 651 ἄνθρωπος
386 617 414 643 δὲ
436 617 524 644 ταῦτα
541 619 588 645 καὶ
606 619 641 645 τὰ
657 619 770 646 τοιαῦτα
787 620 844 646 δια-

56 660 175 694 λέγεται,
191 663 238 688 καὶ
249 663 293 688 διὰ
307 663 356 696 τὴν
369 662 512 690 ἀσθένειαν
526 663 582 690 τῶν
596 664 737 700 μαθητῶν.
750 665 844 700 [Ἐπεὶ

56 707 110 742 γὰρ
137 708 204 743 (95),
231 708 316 735 πολλὰ
344 709 408 744 περὶ
435 710 484 744 τῆς
511 710 577 745 παρ’
605 711 689 737 αὐτοῦ
715 712 843 747 βοηθείας

55 753 233 786 ἀκούσαντες,
265 757 311 781 καὶ
341 756 382 782 ὅτι
412 757 511 783 Πάλιν
533 757 645 792 ὄψομαι
674 758 763 793 ὑμᾶς,
793 760 844 786 καὶ

56 798 219 833 χαρήσεται
241 800 324 834 ὑμῶν
339 801 358 834 ἡ
373 802 490 835 καρδία,
510 803 560 829 καὶ
575 803 632 836 τὴν
652 805 747 838 χαρὰν
760 805 844 839 ὑμῶν
857 840 859 843 π

55 844 154 878 οὐδεὶς
177 846 251 877 αἴρει
278 847 328 881 ἀφ’
347 847 446 881 ὑμῶν·
473 849 523 875 οὐκ
554 849 753 884 ἀπηλλάγησαν
768 851 844 877 οὔπω

56 891 106 924 τῆς
125 892 247 926 ἀθυμίας
264 892 373 919 τέλεονο
395 894 433 928 τῷ
452 894 539 929 Πατρὶ
558 894 651 922 λοιπὸν
667 895 738 930 ὑπὲρ
753 896 844 923 αὐτῶν

56 936 222 970 διαλέγεται,
243 937 286 964 ἵνα
301 937 352 964 κᾶν
377 938 442 972 γοῦν
465 939 504 973 τῷ
521 940 610 975 Πατρὶ
628 941 844 976 παρατιθέμενοι

57 983 244 1018 θαρρήσωσιν.
278 985 396 1016 ’Λτελείς
425 985 480 1020 γὰρ
510 986 588 1017 ὀντες
613 986 662 1021 οὐχ
689 986 761 1013 οὕτω
786 989 844 1018 τοῖς

58 1026 169 1062 ὑψηλοῖς
184 1028 233 1055 καὶ
252 1029 418 1064 θεοπρεπέα-ι
433 1031 555 1065 ῥήμασιν
572 1031 716 1058 ἐπίστευον
730 1032 767 1063 ὡς
787 1035 844 1064 τοῖς

57 1073 261 1109 ταπεινοτέροις
275 1075 322 1102 καὶ
339 1076 522 1111 ἀνθρωποπρε
527 1076 615 1112 πέσιν]
621 1097 629 1104 .

94 1119 152 1152 Οὓς
162 1135 197 1140 -
213 1121 375 1154 ἀπωλείας.
400 1122 513 1154 Ἰούδας,
534 1123 548 1148 ὁ
562 1124 707 1158 προδότης,
719 1125 733 1150 ὁ
749 1125 844 1158 φίλτα-

55 1173 102 1196 τος
127 1165 177 1200 τῆς
200 1166 348 1199 ἀπωλείας,
370 1168 384 1193 ὁ
410 1167 535 1203 φιληθεὶς
556 1169 627 1204 αὐτῇ
654 1171 701 1196 καὶ
727 1171 844 1205 φιλήσας

58 1211 152 1246 αὑτήν.
174 1212 324 1240 Ἀπώλειαν
335 1213 362 1240 δὲ
377 1214 432 1239 νόει
454 1214 503 1249 τὴν
522 1214 576 1240 ἀπὸ
589 1215 635 1241 τοῦ
652 1215 720 1242 Θεοῦ
736 1216 844 1243 ἔκπτω-

57 1256 99 1282 σίν
132 1266 162 1283 τε
185 1258 233 1284 καὶ
264 1258 454 1293 ἀλλοτρίωσιν,
478 1259 493 1296 ἢ
522 1260 631 1287 καὶτὸν
655 1262 780 1288 διάϐολον
806 1263 844 1294 ὡς

56 1302 225 1330 ἀπολλύοντα
241 1304 303 1336 τοὺς
319 1305 501 1340 πειθομένους
513 1306 599 1341 αὐτῷ.
616 1306 773 1342 [Ἀπώλετο
786 1308 843 1344 (94)

57 1349 110 1383 γὰρ
134 1349 148 1375 ὁ
182 1349 282 1381 Ἰούδας
305 1351 439 1383 ἑκουσίως
459 1352 511 1386 ξδιὰ
536 1352 690 1388 φαυλότητα
716 1355 844 1390 προαιρέ-

31 1405 35 1409 ~
57 1402 136 1426 σεως.
161 1395 218 1422 Καὶ
244 1397 298 1431 μὴν
323 1397 371 1424 καὶ
387 1397 464 1424 ἄλλοι
493 1398 547 1425 ἀπὸ
571 1399 626 1425 τῶν
654 1399 843 1434 ἑϐδομήκοντα

58 1440 187 1476 μαθητῶν
214 1442 363 1476 ἀπώλοντο,
397 1444 455 1470 ἀλλ’
481 1445 511 1470 οὐ
537 1445 609 1478 τότε,

56 1489 122 1515 Τότε
136 1489 164 1515 δὲ
181 1490 261 1524 μόνος
278 1491 291 1516 ό
306 1491 441 1526 προδότης
458 1491 604 1528 humero].

91 1534 158 1561 ἰνα
171 1534 190 1568 ἠ
207 1535 313 1569 Γμιφὴ
327 1537 480 1571 πληρωθῇ.
502 1538 534 1563 Ἦ
545 1538 687 1574 Δαυῖτικὴ,
703 1540 719 1573 ὴ
738 1540 836 1566 πολλα-

57 1578 104 1616 χοῦ
113 1579 233 1616 περὶτῆς
243 1580 378 1612 ἀπωλείας
391 1581 471 1609 αὑτοί
484 1581 714 1617 διαλαμϐάνουσα,
726 1584 772 1609 καὶ
781 1585 843 1618 μᾶλ-

57 1627 102 1654 λον
113 1629 142 1655 ὲν
154 1628 193 1664 τῷ
205 1628 345 1664 ἑκατοστῷ
357 1628 441 1663 ὀγδόῳ
459 1628 570 1663 ψαλμῷ.
588 1629 736 1656 Κάνταῦθα
753 1631 844 1657 τοίνυν

58 1674 89 1700 τδ
101 1674 152 1700 ἵνα
164 1675 214 1700 οὐκ
225 1674 314 1706 αἰτίας
329 1675 388 1701 ἐστὶ
402 1674 560 1710 δηλωτικὸν,
575 1674 644 1701 ἀλλὰ
667 1675 713 1701 τοῦ
729 1676 839 1708 πάντως

58 1720 200 1755 ἐσομένου,
216 1721 257 1746 ὅτι
270 1719 364 1755 μέλλει
376 1721 393 1755 ἡ
411 1720 506 1756 Γραφὴ
519 1719 710 1756 πληρωθῆναι.

637 1445 694 1472 ἀλλ’
719 1446 732 1471 ὖ
738 1455 841 1481 στερον.

91 1812 155 1839 Νῦν
171 1813 352 1848 -ἐρχομαα
378 1813 462 1840 Πάλιν
489 1813 518 1840 τὸ
542 1814 621 1848 Πρὸς
645 1814 683 1841 σὲ
704 1815 843 1850 ἔρχομαι,

58 1858 151 1894 ὥσπερ
167 1859 215 1886 καὶ
240 1860 269 1886 τὸ
291 1859 372 1894 Παρὰ
397 1860 452 1886 τοῦ
477 1860 552 1887 Θεοῦ
570 1860 713 1894 ἐξῆλθον,
741 1862 788 1888 καὶ
813 1863 847 1891 τὰ

63 1904 188 1937 τοιαῦτα,
213 1906 245 1940 τῇ
272 1905 397 1940 συνεχείᾳ
420 1905 529 1937 πάντως
552 1906 598 1932 ἐπὶ
623 1906 706 1935 πλέον
730 1907 847 1944 tamen

58 1951 150 1981 αὐτοῖς
162 1951 258 1984 ταῦτα,
275 1952 321 1978 καὶ
333 1951 391 1986 ἅμα
410 1953 587 1989 παραμυθίαν
603 1954 727 1981 ἐντεῦθεν
751 1955 781 1982 οὐ
797 1957 847 1990 τὴν

58 1996 194 2031 τυχοῦσαν
214 1998 353 2034 παρέχων.

96 2044 152 2069 Καὶ
168 2056 204 2064 --
221 2045 334 2078 αὐτοῖς.
361 2045 453 2072 Ταῦτα
475 2045 559 2078 λαλῶ,
581 2046 610 2072 ιν
628 2046 667 2080 τῷ
691 2046 786 2082 κόσμῳ
810 2047 847 2073 ὢν

58 2089 110 2116 ἔτι.
132 2089 236 2122 Ταῦτα,
258 2092 338 2124 mia;
352 2091 399 2125 Τὸ,
427 2091 505 2125 Πρὸς
528 2091 565 2118 σὲ
588 2092 721 2126 ἔρχομαι,
745 2092 793 2118 καὶ
807 2093 847 2123 τὸ,

61 2136 198 2170 Τήρησσν
217 2137 338 2170 αὐτούς.
365 2136 458 2164 Ταῦτα
482 2136 540 2169 οὖν,
567 2138 662 2172 φησιν,
687 2137 771 2170 λαλῶ,
800 2137 842 2164 ἵνα

899 200 1033 228 Trinitate
1061 201 1144 233 dicta,
1174 201 1356 236 mqualitatem
1382 201 1602 236 signiﬁcent;de
1635 206 1690 233 Duo

898 254 961 273 vero
974 251 1000 273 et
1013 247 1179 278 hominibus,
1201 247 1406 274 similitiuliuem
1422 248 1579 282 quamdam.
1601 250 1691 279 Unum

898 300 962 327 ergo
980 297 1042 320 sunt
1058 292 1136 320 Pater
1147 298 1172 320 et
1186 293 1282 325 Filius,
1297 294 1368 320 sicut
1383 295 1501 321 essentia
1520 300 1547 322 et
1566 296 1635 329 aliis,
1652 298 1689 325 ita

897 339 979 365 etiam
994 339 1151 365 concordia.
1185 338 1255 365 Dicit
1283 339 1384 374 itaque,
1401 339 1474 366 Sicut
1504 348 1560 374 nos,
1581 347 1692 377 propter

899 386 1090 413 iizdivisioncm
1104 394 1135 413 ac
1147 386 1418 420 inseparabilitateut.

934 433 1009 459 Vers.
1026 433 1068 461 lit.
1088 433 1154 460 Cum
1169 448 1203 452 —
1218 437 1302 459 tuum.
1325 433 1392 460 Cum
1409 441 1496 462 essem
1523 435 1549 462 in
1575 440 1690 469 mundo,

898 483 928 505 ut
947 478 1040 510 homo,
1060 479 1106 513 qui
1121 486 1229 513 semper
1242 479 1270 506 in
1286 487 1318 506 eo
1331 487 1402 513 sum,
1419 485 1448 507 ut
1464 480 1545 513 Deus,
1562 486 1626 508 tunc
1639 490 1688 517 ego

897 525 1038 552 servabam
1055 532 1101 552 eos
1119 533 1166 559 per
1187 525 1314 553 virtutem
1330 530 1414 558 tuam,
1428 527 1484 554 sive
1498 534 1545 562 per
1561 532 1586 554 te
1600 537 1607 560 ;
1624 536 1688 556 nam

896 580 956 599 mea
976 572 1061 599 virtus
1080 578 1124 599 tua
1136 577 1188 604 est,
1204 577 1231 599 et
1251 580 1300 607 ego
1312 578 1339 599 et
1356 577 1383 599 tu
1401 581 1484 600 unum
1497 581 1601 601 Stultus.

932 616 994 642 llaec
1010 620 1099 642 autent
1117 620 1144 642 et
1158 616 1254 642 similia
1267 616 1396 650 loquitur.
1412 622 1439 643 et
1452 623 1578 651 umquam
1596 618 1688 651 homo,

894 665 923 688 'ct
944 667 1055 696 propter
1070 662 1264 696 discipulorum
1292 661 1516 689 imbecillitatem.
1549 662 1688 698 Siquidem

895 706 959 740 quia
975 707 1066 734 multis
1098 707 1131 734 de
1161 708 1220 742 ejus
1246 707 1346 734 auxilio
1387 707 1498 741 auditis,
1526 714 1552 736 et
1570 709 1690 736 :Itcrunt

895 751 984 778 uidebo
1008 759 1062 782 vos,
1079 756 1101 777 et
1120 751 1242 785 gaudebit
1269 759 1312 777 car
1341 755 1465 782 vestrum,
1503 756 1526 778 et
1559 754 1688 788 gaudium

894 803 1006 825 vestrum
1023 806 1096 824 nemo
1125 797 1198 823 tollet
1212 806 1227 824 a
1247 798 1315 824 vobis
1329 797 1360 830 “,
1392 799 1514 826 nondum
1541 800 1660 833 perfecte
1676 809 1690 828 ιι

896 851 1013 870 maerore
1025 843 1129 870 liberati
1144 848 1237 870 erant:
1256 844 1329 870 Patri
1342 844 1471 879 deinceps
1486 853 1536 880 pro
1548 847 1588 872 eis
1604 846 1692 880 loqui-

896 895 949 921 tur,
963 894 991 916 ut
1004 890 1077 916 Patri
1086 898 1194 924 quoque
1204 891 1477 922 commcndali,buno
1487 896 1578 919 essent
1588 894 1691 920 animo.

894 934 962 962 Cum
979 935 1051 962 enim
1083 935 1234 970 imperfecti
1248 941 1359 970 Iessent,
1391 944 1444 963 non
1466 938 1501 964 ita
1521 938 1686 966 sublimibus

895 988 926 1007 ac
945 981 1045 1008 divinis
1058 980 1149 1007 verbis
1163 981 1320 1014 credebam,
1340 983 1569 1016 quemadmodum
1601 984 1693 1011 humi-

894 1027 1009 1054 lioribus
1028 1034 1060 1054 ac
1075 1034 1152 1054 more
1166 1027 1287 1054 humano
1302 1027 1391 1056 dictis.

931 1119 1008 1146 Vers.
1040 1119 1083 1146 12.
1110 1118 1180 1151 Quos
1198 1134 1233 1139 —
1251 1120 1414 1154 perditionis.
1446 1119 1530 1149 ludus
1555 1122 1688 1156 proditor,

896 1164 1098 1191 amantissimus
1113 1164 1286 1199 perditionis,
1301 1165 1417 1193 dilectus
1445 1167 1479 1194 ab
1492 1175 1535 1201 ea,
1563 1168 1691 1203 illamque

895 1210 1021 1246 diligens.
1049 1211 1235 1238 l’erditionem
1253 1219 1318 1238 vero
1333 1212 1452 1247 intellige
1468 1221 1560 1240 casum
1576 1219 1604 1241 et
1625 1216 1690 1242 alie-

895 1258 1032 1284 nationem
1051 1265 1066 1284 a
1080 1258 1144 1290 Deo,
1164 1263 1210 1285 aut
1226 1259 1308 1285 etiam
1325 1259 1464 1286 diabolum
1483 1261 1581 1295 ipsum,
1597 1267 1692 1297 utpote

895 1303 1054 1338 perdentem
1066 1304 1125 1330 illos
1145 1305 1190 1339 qui
1207 1304 1231 1331 ei
1246 1304 1387 1333 obediuut.
1402 1305 1586 1334 Periitautem
1603 1307 1688 1335 Judas

896 1354 1054 1384 spontanee,
1091 1358 1201 1385 propter
1232 1352 1378 1378 voluntatis
1408 1353 1578 1387 pravitatem.
1609 1355 1691 1389 Atqui

896 1397 975 1423 etiam
984 1397 1028 1423 alii
1040 1397 1072 1424 de
1083 1398 1252 1433 septuaginta
1266 1398 1417 1433 perierunt,
1436 1407 1528 1427 verum
1541 1409 1594 1428 non
1611 1406 1688 1435 tunc,

894 1449 957 1468 natu
977 1442 1050 1468 solus
1063 1442 1185 1476 proditor
1205 1447 1269 1469 tunc
1290 1443 1370 1478 periit

934 1535 1009 1562 Vers.
1040 1535 1083 1562 12.
1112 1535 1143 1563 Ut
1173 1535 1313 1570 Scriptura
1338 1536 1518 1570 complentur.
1550 1536 1689 1570 Davidica,

897 1587 956 1614 qua:
971 1579 1128 1614 frequenter
1144 1581 1178 1608 de
1192 1581 1251 1616 ejus
1262 1582 1413 1616 perditione
1431 1582 1560 1618 loquitur,
1572 1589 1600 1611 et
1620 1593 1689 1619 pra:-

897 1626 977 1660 cipue
994 1626 1097 1660 psalmo
1113 1627 1263 1654 centesimo
1279 1632 1386 1656 octavo.
1409 1628 1440 1655 Et
1454 1628 1499 1655 hic
1518 1637 1582 1663 ergo
1608 1630 1691 1657 dictio

898 1676 938 1703 ut,
959 1679 1013 1698 non
1046 1677 1086 1699 est
1110 1681 1198 1700 causae
1222 1673 1412 1708 signiﬁcativa,
1440 1675 1488 1702 sed
1517 1676 1586 1708 ejus.
1617 1677 1688 1710 quod

899 1721 1010 1746 omnino
1040 1720 1161 1747 futurum
1186 1725 1254 1753 erat,
1275 1725 1340 1756 puta
1365 1721 1435 1756 quod
1463 1721 1600 1756 Scriptura
1618 1730 1691 1750 com-

898 1765 1028 1800 pleretur.

934 1811 1013 1839 Vers.
1031 1812 1072 1840 l5.
1088 1813 1285 1842 Νιιιιρ--θεηὶο,
1303 1815 1419 1842 Rursum
1437 1817 1534 1851 repetit
1547 1817 1596 1852 (lt),
1609 1818 1650 1844 Ad
1668 1823 1691 1845 te

899 1858 984 1892 venia,
1002 1860 1071 1887 sicut
1086 1862 1145 1893 et,A
1163 1862 1215 1888 Deo
1231 1863 1309 1893 exivi,
1323 1862 1382 1888 lituo
1401 1862 1620 1896 frequentissime
1638 1864 1690 1891 illis

900 1907 1076 1939 conﬁrmans,
1095 1907 1175 1934 simul
1191 1908 1272 1934 etiam
1293 1907 1511 1935 consolationem
1539 1907 1604 1936 hinc
1630 1917 1686 1936 non

901 1952 1037 1986 vulgarem
1056 1953 1189 1980 tribuens.

939 2043 1016 2070 Vers.
1035 2044 1080 2070 l3.
1098 2044 1131 2070 Et
1153 2059 1187 2063 —
1218 2044 1372 2080 semetipsis.
1400 2046 1463 2073 Ilzrc
1491 2046 1598 2081 loquor,
1625 2054 1688 2075 cum

902 2089 992 2116 adhuc
1007 2089 1035 2115 in
1057 2090 1158 2116 mundo
1174 2097 1251 2122 sntit;
1271 2090 1339 2121 baac,
1356 2091 1499 2125 quantum?
1515 2092 1554 2118 Ad
1571 2098 1594 2118 te
1607 2093 1690 2124 venia,

905 2139 942 2165 et,
964 2135 1046 2162 Serva
1063 2143 1115 2161 eos.
1132 2135 1194 2162 llaec
1207 2143 1281 2170 ergo,
1298 2136 1395 2170 inquit,
1410 2136 1517 2171 loquor,
1535 2141 1563 2164 ut
1576 2138 1690 2164 habeant

59 2183 141 2217 ἔχωσι
153 2182 202 2217 τὴν
217 2183 304 2218 χαρὰν
317 2183 366 2218 τὴν
383 2184 447 2218 περὶ
459 2183 527 2218 ὲμοῦ
541 2183 662 2218 ὁλοτελῆ,
676 2183 849 2218 πληροφορη-

910 2181 1029 2216 gaudium
1042 2181 1075 2208 de
1093 2189 1154 2206 me:
1173 2181 1292 2214 perfecte
1308 2182 1440 2209 certiores
1458 2182 1549 2210 effecti
1564 2183 1638 2217 quod
1648 2190 1691 2209 me

59 2229 152 2259 θέντες
166 2228 207 2254 ὅτι
221 2229 268 2254 καὶ
285 2228 335 2262 ἐμὲ
346 2228 375 2254 οὐ
393 2228 501 2262 καθέξει
516 2231 529 2255 ὸ
547 2228 624 2264 ᾅδης,
646 2229 693 2255 καί
711 2238 740 2254 σε
757 2229 847 2260 ἕξουσι

61 2274 168 2308 βοηθόν,
189 2274 220 2300 Εἰ
234 2273 290 2309 γὰρ
305 2275 352 2300 καὶ
368 2274 520 2306 ἐπίστευον,
540 2274 620 2306 ἀλλὰ,
646 2276 729 2309 μήπω
741 2283 845 2309 καταρ-

60 2321 209 2351 τισοὲντες,
232 2319 413 2354 ἐκυμαίνοντο
437 2321 492 2352 τοῖς
511 2319 654 2355 λογισμοῖς
675 2320 770 2353 πάλιν,
798 2321 847 2347 καὶ

61 2366 176 2400 ἠρεμεῖν
192 2366 242 2391 οὑκ
260 2365 404 2400 ἠδύναντο.

98 2410 148 2446 [Ἦ
158 2410 223 2446 (95),
233 2410 411 2443 Ταῦταλαλῶ,
425 2411 459 2438 τὰ
471 2412 587 2438 ταπεινὰ
597 2411 644 2438 καὶ
656 2411 704 2438 ἀνθ
709 2420 852 2447 ρωποπρε-

62 2457 112 2492 πῆ,
132 2457 185 2489 ἵνα,
203 2456 416 2492 ἀναπαυομένης
432 2457 482 2492 τῆς
498 2456 627 2488 ἀσθενοῦς
639 2456 708 2488 τέως
724 2457 844 2488 διανοίας

114 2548 136 2564 ⁸⁵
152 2546 229 2575 Joan.
241 2555 297 2581 xvr,
310 2547 356 2575 22.

903 2234 958 2253 non
972 2226 1100 2253 retinebit
1119 2226 1252 2258 infernus,
1272 2230 1299 2253 et
1315 2231 1341 2254 te
1356 2227 1498 2254 habebunt
1523 2228 1688 2262 adjutorem.

904 2272 1063 2308 Quanquam
1079 2273 1151 2299 enim
1168 2273 1327 2306 credebant,
1347 2274 1469 2300 nondum
1491 2279 1580 2300 tamen
1598 2279 1690 2301 mente

903 2319 1057 2354 compositi,
1076 2318 1286 2354 cogitationibus
1303 2319 1392 2346 adhuc
1423 2318 1603 2351 ﬂuctuabant,
1639 2327 1690 2346 nec

904 2364 1047 2399 quiescere
1063 2369 1200 2398 poterant.

939 2410 1000 2443 Vel,
1020 2410 1083 2438 Haec
1096 2411 1192 2445 loquor
1207 2411 1320 2439 humilia
1332 2419 1364 2439 ac
1393 2419 1468 2439 more
1496 2411 1616 2438 humano
1649 2413 1689 2441 ut,

904 2460 1030 2484 cessante
1044 2456 1073 2492 (i)
1089 2456 1198 2484 interim
1213 2456 1373 2486 inﬁrmitate
1390 2457 1490 2485 mentis
1510 2462 1618 2487 eorum,
1643 2453 1688 2481 ab-

653 2606 752 2638 Variaa
773 2607 927 2638 lectiones
949 2611 979 2639 et
1001 2611 1094 2639 noue.

100 2680 154 2713 (93)
166 2679 271 2706 Inclusa
287 2679 387 2706 absunt
404 2680 437 2706 Δ.

100 2717 155 2751 (ut)
176 2715 281 2741 Inclusa
303 2714 402 2741 absunt
424 2716 456 2742 Δ.

101 2794 255 2831 (ΙιΠίςρειίι,
272 2802 325 2822 non
335 2800 377 2822 est
391 2796 423 2831 ini
434 2794 538 2822 Grazco.

103 2829 135 2866 (ἱ)
152 2830 181 2858 Ut
195 2835 320 2864 cessante,
335 2834 387 2857 etc.
406 2830 437 2857 Ut
466 2830 656 2865 ucquiescenle
677 2829 785 2857 inﬁrma
811 2831 859 2858 ad-

941 2681 998 2716 (95)
1008 2681 1114 2708 Inclusa
1133 2680 1233 2707 absunt
1242 2681 1275 2706 Δ.

911 2797 965 2823 huc
976 2800 1066 2822 mente
1091 2802 1197 2826 eorum,
1216 2794 1295 2829 plene
1309 2793 1453 2828 (perfecte)
1480 2793 1626 2830 gaudeant,
1649 2803 1689 2822 me

912 2838 967 2858 non
980 2829 1117 2858 contrario
1130 2835 1278 2864 appetente
1294 2830 1359 2856 Deo.
