1911 3074
78 161 142 194 liti!

548 159 740 191 COMMENT.
762 158 801 187 lN
823 156 1010 187 JOANNEM.
1030 167 1063 171 *-
1084 155 1162 185 CAP.
1185 155 1249 184 XX.

1641 153 1709 185 1482

116 220 157 258 [Οἱ
182 219 276 257 (1)τῷ
302 220 379 255 τάφῳ
408 219 454 246 τοῦ
484 219 602 254 Χριστοῦ
632 219 860 255 προσεδρεύοντες

948 217 967 251 τ
987 216 1090 244 Christi
1105 215 1232 250 sepulcro
1259 214 1391 242 assistunt
1410 214 1497 250 angeli
1519 213 1551 242 ad
1567 214 1710 242 ereduiita-

77 267 186 302 ἄγγελοι
217 267 283 302 πρὸς
303 266 435 292 πίστωσιν
452 266 604 302 παρέμενον
619 267 666 292 καὶ
682 265 859 292 διδασκαλίαν

78 313 124 340 τοῦ
139 313 299 348 ὲγηγέρθαι,
314 312 382 339 ἀλλὰ
395 312 432 347 μὴ
445 312 593 346 κεκλέφθαι
607 312 653 338 τὸν
667 311 792 347 Κύριον.]

112 359 164 386 Καὶ
181 373 216 380 -—-
230 359 344 390 κλαίεις
356 367 365 390 ;
380 357 437 394 [Μὴ
455 358 597 393 τολμώσης
611 358 648 393 (2)
662 358 747 393 αὐτῆς
760 358 864 393 ἐρωτῆ-

79 414 124 432 σαι
140 405 248 436 αὐτοὺς,
269 404 347 431 αὐτοὶ
359 403 528 437 διαλέγονται
543 403 636 439 αὐτῇ]

113 450 197 484 Λέγει
216 464 251 470 —
273 449 376 476 αὐτόν.
399 449 478 484 ’ῼετο
502 448 556 484 γὰρ
579 448 630 475 ὑπὸ
648 449 702 474 τῶν
723 448 865 483 οαψάντων

80 495 263 531 μετατεθῆναι
280 495 371 522 αὐτόν.

112 542 168 569 Καὶ
187 557 221 562 —
240 541 364 568 ἑστῶτα.
382 541 437 568 Καὶ
453 541 521 573 πῶς,
540 541 622 577 μήπω
639 541 723 577 μηδὲν
742 541 865 576 μαθοῦσα

79 587 155 622 παρὰ
184 587 238 613 τῶν
265 588 481 622 ὲρωτησάντων,
510 587 643 621 αἰφνίδιον
673 588 796 622 ἐστράφη
824 587 865 618 είς

78 633 111 659 τὰ
130 633 234 666 arrideo;
251 633 325 666 Ὅτι,
343 632 389 659 τοῦ
407 632 524 669 Χριστοῦ
544 633 620 667 ἄφνω
631 633 759 667 φανέντος
778 632 865 659 ὀπίσω

78 679 174 713 αὐτῆς,
188 679 213 704 oi.
230 678 351 738 ἇῖγελοι,
365 679 411 705 τὸν
427 679 565 714 Δεσπότην
575 679 678 705 ἑαυτῶν
693 679 802 711 ἰδόντες,
822 678 867 704 εὖ-

78 723 146 738 ηλιιι
176 724 238 738 ιε-..
257 733 357 738 --Α-...ι
384 724 527 738 -.ιιι-..-ιιιη
581 725 773 738 R-..‘.-_-._.".A
803 726 846 738 ι--

78 723 146 755 om;
176 723 357 760 ἐξανέστησαν
384 724 547 760 σύντρομοι,
579 725 773 761 δουλοπρεπῶς
801 726 863 752 ἀτε-

78 769 196 801 νίζοντες
211 771 251 801 εὶς
264 770 355 797 αὐτόν.
378 770 516 806 Ἐστράφη
538 770 585 798 οὖν
602 771 666 798 ἰδεῖν
687 771 728 802 τίς
744 773 757 798 ὁ
770 772 864 805 pavet;

81 816 184 847 αὐτοῖς.

113 860 168 888 Καὶ
191 876 224 881 -
243 861 337 888 ἑστιν.
359 862 476 898 ΓΕφάνη
498 861 536 897 ('5)
559 862 614 897 γὰρ
638 863 707 898 αὐτῇ
731 863 759 889 ὲν
782 863 863 899 ἑτέρᾳ

922 270 974 290 tem
995 267 1211 298 permanentes:
1230 266 1312 296 utque
1338 262 1490 288 surrexisse
1514 261 1654 294 docerent,
1682 266 1711 289 et

919 317 974 336 tton
992 309 1064 336 fut-to
1084 308 1221 335 sublatum
1241 315 1312 335 esse.

956 355 1033 383 Vet's.
1059 355 1103 383 15.
1124 355 1157 382 Et
1174 369 1207 374 —
1230 354 1345 389 ploras?
1368 354 1435 381 Cum
1453 355 1508 389 ipsa
1525 362 1580 382 non
1596 354 1710 382 auderet

919 409 967 428 eos
982 402 1161 436 interrogare,
1178 401 1215 428 illi
1232 401 1257 428 ei
1274 401 1433 436 loquutttttr.

956 448 1031 476 Vers.
1055 449 1097 476 t3.
1121 449 1164 474 Ait
1178 463 1211 468 -
1226 455 1295 475 eum.
1312 447 1428 474 Putabat
1450 446 1534 480 enim,
1551 447 1586 474 ab
1598 446 1641 475 his
1661 448 1709 483 qui

920 494 1096 529 sepelierunt,
1117 502 1179 521 eutn
1197 493 1281 520 fuisse
1298 493 1506 527 transpositam.

955 540 1033 567 Vers.
1062 540 1104 567 14.
1132 540 1355 567 Iit—stantem.
1385 538 1418 565 Et
1444 539 1592 573 quomodo,
1619 540 1709 574 prius-

919 593 1002 621 quam
1024 586 1110 613 ullum
1133 585 1284 620 accepisset
1299 592 1462 620 responsum
1478 586 1512 612 ab
1527 586 1568 612 his
1583 586 1630 620 qui
1646 594 1706 613 eam

920 633 1169 668 interrogaveram,
1195 636 1308 666 repente
1329 638 1460 658 conversa
1479 636 1522 658 est
1537 633 1709 668 retrorsum?

919 678 988 711 Quia
1009 678 1099 706 subito
1124 682 1274 713 apparente
1298 677 1409 704 Christo
1436 682 1497 712 post
1515 685 1585 712 eam,
1606 677 1706 714 ang'eli,

919 725 978 751 viso
995 724 1110 751 Domino
1125 732 1186 756 suo,
1202 723 1294 751 Statim
1310 728 1489 751 surrexerunt
1503 732 1564 751 cum
1579 729 1707 759 tremore,

919 777 995 797 more
1024 777 1166 798 servorum
1193 771 1221 798 in
1243 778 1304 798 eum
1331 770 1479 797 intuentes.
1504 771 1641 799 Conversa
1667 777 1709 799 est

918 823 996 852 ergo,
1015 820 1046 843 ut
1064 816 1180 850 videret,
1196 816 1258 852 quis
1279 816 1332 844 illis
1346 816 1529 852 apparuisset.

954 863 1032 892 Vers.
1050 864 1094 891 M.
1112 864 1146 891 Et
1164 879 1192 884 —
1208 870 1286 891 esset.
1304 864 1438 900 Apparuit
1451 864 1524 891 enim
1539 864 1564 891 ei
1580 864 1631 891 alia
1644 872 1708 899 spe-

80 908 183 942 μορφῇ,
202 907 249 933 καὶ
266 908 294 933 ὲν
311 907 495 943 εὐτελεστέρῳ
511 908 557 935 καὶ
573 908 654 945 κοινῷ
670 909 800 943 σχήματι,
821 909 861 935 ἵνα

924 911 969 944 :ie,
991 915 1018 938 et
1038 910 1126 938 viliori
1145 918 1177 938 ac
1203 910 1385 938 communiori
1412 911 1519 942 habitu.
1544 918 1579 938 ne
1595 917 1708 946 repente

78 953 116 987 μὴ
129 952 160 979 ἁθ
165 953 226 988 ρόον
243 953 430 990 καταπλαγῇ.]

113 997 196 1032 Λέγει
215 1013 250 1018 -
269 998 340 1033 ἀρῶ.
362 999 428 1026 Ἀπό
441 1008 470 1026 τε
485 1000 532 1027 τοῦ
545 999 635 1027 κοινοῦ
663 1001 802 1036 σχήματος
817 1002 862 1027 καί

76 1043 123 1070 τοῦ
149 1041 219 1070 εἶναι
245 1044 273 1070 ὲν
297 1044 336 1078 τῷ
361 1045 441 1080 κήπῳ
469 1045 603 1071 ὑπέλαὸεν
630 1046 699 1072 ὃτιὸ
726 1047 864 1081 κηπουρός

75 1091 160 1118 ἐστιν.
176 1090 241 1117 Οὐδὲ
259 1090 314 1126 γὰρ
331 1091 381 1126 τὴν
399 1091 488 1127 φωνὴν
506 1092 589 1118 αὑτοῦ
609 1092 766 1128 ἐγνώρισεν,
779 1094 863 1120 ὰσυν-

78 1137 132 1172 ήοη
165 1137 354 1172 ὲνηχηοεῖσαν.
376 1138 454 1173 ᾬετο
469 1138 507 1170 δὲ,
523 1138 561 1170 ὼς
574 1139 691 1174 εἴρηται,
711 1139 863 1173 μετατεοῆ-

75 1190 121 1208 ναι
152 1182 202 1217 μὲν
229 1182 309 1208 αὑτὸν
344 1182 384 1214 εἰς
411 1183 505 1217 ἕτερον
533 1183 616 1209 τόπον
642 1183 862 1218 ἀσφαλέστερον,

76 1227 262 1262 βασταχθῆναι
276 1227 304 1254 δὲ
327 1228 400 1262 παρά
415 1228 462 1254 τοῦ
481 1229 630 1264 κηπουροῦ.
655 1229 740 1262 [Εἰπέ
752 1238 803 1264 μοι
825 1230 861 1264 (4)

75 1273 133 1305 οὖν,
154 1274 248 1308 φησιν,
266 1273 326 1301 ποῦ
339 1274 448 1308 ἔθηκας
465 1274 568 1306 αὑτὸν,
586 1274 666 1308 κάῖὼ
677 1274 770 1301 αὑτὸν
784 1274 845 1309 ἀρῶ
855 1295 863 1308 ,

76 1319 117 1350 εἰς
137 1318 216 1346 ἄλλον
237 1319 430 1354 καταθήσουσα
448 1319 533 1346 τόπον
548 1319 862 1357 ἀνεπιὸουλευτότερο-ι.]

111 1364 158 1400 [Ὀ
174 1364 264 1400 μόνων
286 1365 325 1400 (5)
340 1364 394 1390 τῶν
414 1366 443 1391 ἐν
463 1366 544 1401 γενεᾷ
562 1365 609 1392 καὶ
628 1366 716 1403 φθορᾷ
731 1368 862 1404 δημιουρ-

75 1411 124 1445 γὺν
147 1412 196 1437 καὶ
211 1411 363 1446 προνοητὴν
382 1411 499 1446 νομίζων
515 1412 561 1439 τὶν
582 1412 701 1447 Κύριον,
720 1411 797 1446 οὗτος
823 1415 862 1446 είς

74 1457 214 1491 κηπουρὸν
232 1457 438 1492 παραγνωρίζει
454 1457 535 1484 αὐτόν
549 1466 556 1473 ⁸
572 1459 611 1485 διὸ
625 1459 673 1486 καὶ
690 1459 786 1494 φεύγει
800 1460 862 1486 τού-

75 1510 122 1528 του
139 1503 187 1530 καὶ
209 1502 248 1537 (6)
264 1503 314 1538 τὴν
329 1503 400 1538 ἁφὴν
414 1503 427 1529 ὁ
447 1505 596 1541 Δεσπότης,
621 1505 658 1538 ὡς
685 1506 770 1542 μήπω
794 1507 861 1543 παρ’

75 1547 150 1581 αὐτῷ
180 1546 283 1579 ἀναὸὰς
311 1548 379 1583 πρὸς
407 1550 437 1575 τὸ
465 1550 575 1585 ἀξίωμα
600 1552 646 1578 καὶ.
673 1553 721 1587 τὴν
750 1553 861 1589 ἰσότητα

73 1593 122 1619 τοῦ
152 1594 267 1628 Πατρός.
297 1582 414 1627 Ἀνάξιοι
434 1582 494 1631 γὰρ
506 1582 587 1623 αὑτοῦ
605 1599 630 1624 οἱ
646 1582 715 1633 μετα
732 1582 861 1636 τοιαύτης
875 1582 898 1613 C

75 1640 237 1674 ὑπολήψεως
251 1640 325 1674 αὐτῷ
340 1641 578 1678 προσερχόμενοι]

111 1685 196 1721 Λέγει
212 1700 246 1705 -—-—
261 1685 438 1713 Διδάσκαλε.
455 1686 532 1720 Νῦν,
551 1689 725 1725 καταστήσας
742 1690 792 1726 τὴν
808 1699 862 1725 φω-

74 1731 124 1764 νὴν
145 1730 192 1756 καὶ
210 1730 259 1765 τὴν
279 1730 386 1766 μορφὴν
402 1732 448 1757 καὶ
465 1731 495 1757 τὸ
518 1731 612 1766 σχῆμα
627 1733 694 1767 πρὸς
717 1733 748 1760 τὸ
763 1742 863 1768 γνωρι-

75 1775 209 1810 μώτερον,
225 1775 341 1802 δέδωκεν
357 1775 425 1810 αὐτῇ
442 1775 570 1810 αἴσθησιν
584 1776 685 1808 αὐτῶν,
699 1776 745 1803 καὶ
760 1777 862 1804 αὐτίκα

74 1821 168 1848 τοῦτον
192 1821 350 1855 ἐπιγνοῦσα,
375 1821 487 1855 ὲὸὁησεν
511 1822 563 1848 ὑπὸ
591 1822 785 1858 περιχαρείαζ·
816 1825 861 1850 Δι-

73 1867 224 1894 δάσκαλε.
238 1867 330 1902 [Ἃλλὰ
344 1867 382 1902 (7)
393 1867 451 1898 πῶς
463 1869 612 1902 στραφεῖσα
626 1867 711 1902 λέγει,
723 1869 780 1903 εῑγε
793 1870 860 1904 πρὸς

74 1913 156 1939 αὐτὸν
178 1913 334 1946 διελέγετο;
355 1913 427 1939 Διὸτι
450 1913 567 1940 εἰποῦσα
589 1914 656 1949 ὅπερ
681 1913 752 1947 εἷπε,
783 1923 859 1950 μετε-

74 1958 184 1992 στράφη
216 1957 283 1993 πρὸς
311 1958 376 1990 τοὺς
404 1958 538 1992 ἀγγέλους
567 1959 631 1985 ἰδεῖν
665 1961 688 1985 εί
722 1960 858 1997 πάρεισιν,

73 2004 90 2038 ῆ
113 2003 250 2038 ἐρωτῆσαι
273 2003 314 2035 τίς
329 2004 344 2029 ὁ
362 2004 500 2038 ἐκπλήξας
523 2004 638 2036 αὐτούς·
657 2005 736 2038 εὐθὺς
760 2007 789 2033 δὲ
813 2006 860 2033 τοῦ

72 2049 194 2084 Χριστοῦ
223 2048 383 2081 καλέσαντος
415 2050 510 2085 αὐτὴν,
542 2050 663 2086 ἐστράφη
692 2051 772 2078 πάλιν
793 2052 860 2087 πρὸς

72 2093 177 2130 αὐτόν]

109 2140 192 2175 Λέγει
209 2155 241 2159 -
254 2139 296 2174 μή
315 2148 375 2174 μου
392 2139 500 2166 ἅπτου.
521 2139 645 2175 Ὥρμησε
665 2140 719 2174 γὰρ
739 2140 859 2175 ἂψασοαι

72 2186 128 2213 τῶν
157 2186 244 2213 ποδῶν
273 2185 376 2218 αὐτοῦ,
396 2185 435 2217 ὡς
457 2185 558 2212 εἰώθει.
590 2185 696 2211 κωλύει
724 2186 752 2212 δὲ
775 2186 859 2221 αὐτὴν

73 2232 278 2268 προσφέρεσθαι
292 2231 367 2265 αὑτῷ
381 2230 428 2258 τοῦ
443 2231 547 2263 λοιποῦ,
563 2231 654 2263 καθὼς
668 2232 699 2258 τὸ
716 2232 858 2267 πρότερον,

74 2278 213 2314 Θειοτέρας
229 2278 278 2314 ἤδη
294 2278 342 2313 τῆς
359 2277 457 2313 σαρκὸς
472 2277 555 2304 αὐτοῦ
571 2278 728 2312 γενομένης.

106 2324 192 2351 Οὔπω
213 2338 248 2343 --
267 2332 336 2358 μου.
363 2322 448 2349 Τοῦτο
467 2320 526 2349 εἷπε
547 2323 580 2348 δι’
606 2323 682 2349 οὐδὲν
705 2324 806 2357 ἕτερον,
823 2322 860 2354 ὡς

71 2371 86 2396 ὁ
100 2369 291 2404 Χρυσόστομὸς
308 2376 390 2404 φησιν
405 2369 444 2403 (8)
457 2387 464 2400 .
482 2368 498 2403 ἢ
516 2369 594 2404 μόνον
607 2369 650 2394 ἴνα
668 2368 724 2403 γνῷ
739 2370 778 2395 ὅτι
793 2369 861 2403 ὑψη-

72 2414 180 2449 λὸτερός
203 2415 260 2440 ἐστι
281 2415 329 2441 καὶ
345 2413 566 2449 αἱδεσιμὼτερος.
594 2414 623 2439 '0
647 2415 699 2448 γὰρ
722 2415 791 2449 μετὰ
813 2414 860 2441 τοῦ

75 2460 201 2495 σώματος
232 2460 354 2486 σπεύδων
385 2459 543 2487 ἀναϐαίνειν
574 2459 641 2494 πρὸς
669 2460 714 2486 τὸν
746 2461 858 2496 Πατέρα

73 2509 120 2534 καὶ
142 2507 208 2534 Θεὸν
230 2506 360 2542 πρόδηλον
382 2507 421 2533 ’ὁτι
443 2507 473 2533 τὸ
492 2507 539 2534 τοῦ
563 2506 690 2542 σώματος
721 2507 853 2543 ἐπίκηρον

72 2554 234 2580 ἁπεεάλετο.

110 2600 163 2626 Καὶ
179 2599 231 2634 μὴν
246 2599 297 2633 πρὸ
317 2598 430 2633 βραχέος
453 2598 521 2633 αὕτη
544 2607 571 2625 τε
587 2599 634 2625 καὶ
650 2599 665 2633 ἡ
680 2598 746 2634 ἄλλη
762 2599 856 2633 Μαρία

918 961 1127 985 constetnaretu
1133 965 1155 984 Γ.

954 1003 1031 1031 Vers.
1053 1003 1098 1031 15.
1113 1003 1183 1030 Dicit
1199 1018 1227 1023 ——
1250 1003 1353 1031 tollam.
1383 1002 1405 1030 A
1434 1003 1573 1031 communi
1599 1005 1704 1037 habitu,

917 1055 945 1077 et
969 1051 1031 1085 quia
1053 1050 1080 1076 itt
1108 1050 1189 1076 horto
1208 1055 1278 1083 erat,
1308 1049 1441 1078 arbitrata
1461 1054 1503 1077 est
1530 1051 1706 1078 hortulanum

917 1103 990 1124 esse.
1010 1096 1103 1131 Neque
1124 1095 1196 1123 enim
1223 1103 1317 1123 vocem
1338 1096 1398 1131 ejus
1423 1097 1544 1132 agnovit,
1569 1105 1644 1125 more
1661 1098 1705 1125 itt-

918 1147 996 1170 stteto
1025 1143 1166 1178 prolatam.
1185 1142 1301 1170 Putabat
1328 1148 1429 1176 autem,
1463 1148 1492 1170 ut
1518 1143 1619 1171 dictuttt
1650 1148 1703 1175 est,

918 1190 1112 1224 trattspositutn
1134 1197 1196 1217 eunt
1221 1197 1283 1217 esse
1304 1189 1330 1216 itt
1350 1190 1478 1217 tutiorem
1502 1190 1585 1218 aliuttt
1603 1191 1704 1224 locum,

916 1240 943 1262 et
958 1235 992 1262 ab
1010 1235 1155 1263 hortulano
1176 1240 1359 1271 asportatunt.
1381 1235 1430 1263 Dic
1450 1237 1525 1269 nti/ti,
1543 1237 1641 1272 inquit,
1659 1237 1702 1264 ubi

916 1282 1033 1316 posueris
1057 1290 1127 1314 eum,
1153 1287 1177 1308 et
1193 1290 1239 1317 ego
1254 1290 1312 1309 eum
1329 1282 1431 1315 tollam,
1453 1282 1480 1310 in
1499 1283 1582 1310 alium
1601 1284 1705 1319 reposi-

917 1334 975 1356 tura
996 1331 1097 1360 locum,
1113 1329 1148 1356 ah
1165 1329 1271 1357 insidiis
1289 1329 1428 1358 tutiorem.

950 1375 969 1410 ’ξ-
992 1375 1044 1408 Qui
1071 1375 1266 1410 generabilium
1295 1380 1400 1403 tantum
1428 1380 1456 1404 et
1483 1377 1703 1412 corruptibilium

915 1426 1067 1448 creatorem
1086 1428 1117 1448 ac
1133 1422 1305 1456 provisorem
1322 1426 1399 1457 putat
1416 1422 1572 1456 Dominum,
1591 1422 1636 1450 ltie
1651 1430 1703 1458 pro

915 1467 1060 1494 hortulatto
1076 1475 1138 1495 eum
1154 1468 1305 1503 cognoscit.
1323 1468 1429 1496 idcirco
1446 1469 1529 1496 etiam
1545 1469 1628 1505 hujus
1641 1477 1705 1497 eon-

916 1517 1018 1540 tactum
1041 1512 1110 1548 fugit
1131 1513 1274 1546 Dominus,
1291 1514 1363 1549 quod
1384 1514 1457 1550 apud
1480 1514 1555 1542 iilutn
1582 1515 1706 1543 nondum

915 1559 1070 1587 ascenderit
1097 1559 1130 1587 ad
1153 1559 1314 1594 dignitatem
1337 1568 1368 1588 ac
1393 1561 1574 1596 aequalitatem
1591 1561 1702 1591 Patris:

916 1606 1052 1641 siquidem
1074 1614 1107 1634 eo
1122 1606 1227 1641 indigni
1243 1611 1318 1640 sunt,
1337 1606 1460 1642 quicum
1475 1607 1633 1642 bujusmodi
1646 1609 1705 1643 opi-

915 1652 998 1679 nione
1015 1652 1048 1680 ad
1065 1661 1127 1680 ettnt
1144 1652 1289 1681 accedunt.

953 1696 1028 1724 Vers.
1054 1697 1097 1724 16.
1123 1697 1191 1724 Dicit
1212 1712 1246 1718 —-
1262 1697 1398 1733 Magister.
1438 1698 1517 1727 Nunc
1543 1701 1696 1735 composita

918 1750 995 1775 voce,
1016 1743 1108 1777 specie
1123 1748 1150 1770 et
1165 1743 1272 1778 habitu,
1290 1748 1320 1771 ut
1334 1743 1454 1773 .facilius
1478 1751 1701 1780 cognosceretur.

915 1787 990 1814 dedit
1004 1788 1028 1814 ei
1044 1788 1142 1815 ltorutn
1158 1789 1295 1822 notitiam,
1314 1790 1461 1825 statimque
1478 1791 1555 1818 illttm
1578 1793 1702 1827 agnovit,

915 1833 1036 1861 clamans
1060 1842 1115 1868 prae
1135 1834 1238 1867 ltetitia,
1256 1834 1396 1870 Magister.
1413 1836 1466 1864 Sed
1482 1837 1619 1872 quomodo
1634 1846 1702 1865 con-

914 1888 991 1908 versa
1006 1880 1081 1913 dicit,
1098 1881 1119 1908 si
1141 1881 1196 1916 jam
1218 1889 1279 1908 eum
1296 1889 1329 1909 eo
1343 1882 1523 1916 loquebatur?
1538 1882 1617 1916 Quia,
1639 1890 1701 1910 eum

914 1926 940 1952 id
976 1925 1100 1958 dixisset,
1134 1926 1208 1962 quod
1234 1927 1410 1961 loquebatur,
1442 1935 1576 1955 conversa
1602 1933 1644 1955 est
1667 1929 1701 1955 ad

914 1971 1034 2006 angelos,
1051 1975 1080 1998 ut
1102 1972 1206 1998 videret
1227 1979 1261 1998 an
1284 1971 1424 2005 adessent,
1439 1972 1481 1999 vel
1497 1977 1526 1999 ut
1549 1971 1699 2007 interroga-

913 2021 955 2043 ret
972 2017 1041 2051 quid
1055 2017 1115 2044 illos
1132 2017 1158 2044 in
1175 2021 1314 2052 stuporem
1344 2017 1502 2046 adduxisset
1520 2027 1526 2045 :
1553 2018 1700 2053 statimque

913 2062 1023 2090 Christo
1035 2071 1094 2090 eam
1109 2067 1234 2096 vocante,
1246 2070 1341 2091 rursus
1354 2063 1388 2091 ad
1401 2063 1490 2098 ipsum
1504 2071 1634 2092 conversa
1646 2069 1699 2092 est.

950 2138 1026 2166 Vers.
1049 2139 1091 2166 Π.
1110 2139 1181 2166 Dicit
1213 2153 1247 2159 —
1264 2138 1319 2165 nali
1334 2147 1376 2165 me
1397 2143 1513 2174 tangere.
1537 2139 1603 2167 Nam
1621 2147 1651 2167 se
1665 2140 1699 2168 ad

913 2185 1078 2221 tangendutn
1111 2185 1195 2220 pedes
1225 2185 1286 2220 ejus
1329 2186 1450 2221 aptabat,
1484 2187 1554 2214 sicut
1583 2187 1697 2215 solebat.

913 2232 1043 2259 Prohibet
1058 2236 1149 2259 autem
1164 2239 1198 2258 ne
1212 2231 1341 2266 deinceps
1356 2232 1466 2259 accedat
1481 2233 1514 2260 ad
1529 2240 1590 2260 eum
1606 2233 1698 2266 tnodo,

913 2286 968 2312 qtto
986 2278 1073 2313 prius,
1091 2286 1152 2304 cum
1168 2279 1223 2312 jam
1242 2277 1360 2305 divinior
1377 2277 1447 2304 facta
1463 2278 1495 2304 sit
1517 2285 1581 2304 caro
1594 2279 1662 2313 ejus.

952 2324 1027 2351 Vers.
1060 2324 1104 2350 17.
1124 2323 1248 2350 Nondum
1266 2338 1301 2343 ——
1323 2332 1419 2351 meum.
1448 2323 1505 2351 Hoc
1534 2324 1567 2351 ad
1595 2325 1699 2352 ttullum

912 2371 994 2398 alium
1010 2370 1078 2398 dixit
1098 2370 1191 2403 tinem,
1210 2375 1239 2397 ut
1255 2370 1293 2397 ait
1307 2370 1527 2406 Cltrysostomus,
1543 2370 1596 2398 nisi
1611 2375 1639 2398 ιιι
1652 2379 1698 2398 so-

913 2417 969 2444 lttttt
986 2416 1153 2452 intelligeret
1166 2416 1239 2452 quod
1256 2416 1400 2444 Sublintior
1415 2417 1449 2444 sit
1464 2417 1601 2452 magisque
1616 2424 1698 2444 vette~

913 2463 1024 2491 randus.
1051 2463 1118 2490 Nam
1138 2464 1183 2498 qui
1209 2463 1306 2490 nititur
1330 2471 1391 2490 eum
1418 2471 1534 2498 corpore
1557 2464 1590 2490 ad
1613 2463 1698 2490 Deum

891 2517 898 2525 ι
912 2515 943 2535 ac
958 2507 1065 2535 Patrem
1082 2507 1242 2539 ascendere,
1260 2507 1434 2534 manifestum
1450 2512 1491 2534 est
1515 2507 1585 2541 quod
1601 2515 1698 2542 corpo-

913 2553 949 2580 ris
971 2553 1144 2589 t'ragilitatetn
1165 2553 1310 2588 abjecerat.

947 2600 1028 2634 Atqui
1053 2599 1132 2634 paulo
1149 2604 1212 2627 ante
1229 2599 1286 2634 ipsa
1304 2603 1331 2625 et
1347 2599 1431 2626 altera
1448 2599 1529 2626 Maria
1553 2604 1696 2626 tenuerant

670 2691 766 2722 Varia:
783 2692 935 2723 lectiones
961 2695 992 2722 et
1007 2694 1099 2721 notaz.

110 2774 148 2807 (ι)
166 2773 228 2801 llaec
245 2778 360 2808 uterque
373 2774 400 2800 in
418 2774 550 2809 margine.

108 2811 145 2843 (τι
161 2809 267 2836 Inclusa
279 2810 380 2837 desum
411 2810 432 2835 Α
443 2829 450 2836 .

108 2845 145 2878 (5)
167 2845 253 2871 Etiam
273 2846 330 2871 ha-c
345 2844 445 2871 absunt
458 2846 491 2872 Α.

109 2880 144 2915 (Ii)
158 2879 263 2906 Inclusa
280 2879 380 2906 ahsnttt
395 2880 426 2905 A.

235 2927 370 2959 Parnm.
391 2927 449 2957 Gn.
467 2927 594 2958 CXXIX.

949 2773 986 2807 (5)
1008 2773 1036 2799 ltt
1059 2771 1180 2805 margine
1197 2771 1255 2807 lyre
1273 2770 1355 2796 habet
1367 2769 1450 2796 codex
1467 2772 1592 2802 uterque.

952 2805 989 2841 ἐϋ)
1011 2808 1065 2833 Καί
1082 2807 1184 2833 omittit
1202 2805 1233 2831 Β.

953 2844 992 2874 (7t
1008 2843 1112 2869 Inclusa
1128 2843 1228 2868 absunt
1256 2841 1286 2866 Α.

948 2879 986 2913 (8)
1005 2877 1081 2903 τοιιι.
1100 2875 1169 2907 Vill,
1183 2884 1209 2911 p.
1230 2876 1290 2903 515.

1500 2919 1534 2953 47
