1911 3074
63 112 124 146 1493

499 112 686 145 COMMENT.
708 112 750 143 ΙΝ
769 111 956 143 ΙΟΛΝΝΕΜ.
971 124 1005 129 -
1024 112 1103 142 CAP.
1125 112 1206 143 XXI.

1605 110 1673 144 H94

97 171 141 198 Καὶ
157 172 211 198 οὐκ
237 171 281 198 ἔτι
298 186 334 191 -
352 171 473 206 Ῑχθύων.
492 171 622 201 Ἀπόντος
643 170 692 205 μὲν
712 169 759 196 τοῦ
777 171 836 196 Σω-

926 168 1000 196 Vers.
1016 169 1042 196 6.
1064 169 1098 196 Et
1105 170 1165 204 jam
1182 177 1277 196 non—-
1290 169 1412 205 piscium.
1428 168 1550 197 Absente
1565 169 1674 204 quidem

61 216 145 251 τῆρος,
159 216 235 243 οὐδὲν
244 216 363 243 ἐπίασαν
377 237 385 250 ,
415 216 548 251 παρόντος
577 216 615 249 δὲ,
637 215 738 251 πλῆθος
760 215 836 242 συνέ-

62 262 183 294 κλεισαν,
205 262 248 288 ἵνα.
272 261 381 296 γνῶμεν
402 263 443 289 ὅτι
469 262 555 298 χωρὶς
572 262 621 296 μὲν
650 261 733 288 αὑτοῦ
758 260 836 288 οὐδὲν

61 307 190 342 ὠφέλιμον
204 307 323 342 ἀνύομεν
336 327 344 339 .
362 309 411 335 σὺν
422 308 496 342 αὐτῷ
508 308 546 338 δὲ,
558 307 653 334 πολλά.
671 307 733 342 Χρὴ
746 308 838 334 τοίνυν

61 353 116 382 ταῖς
130 352 249 383 ἐντολαῖς
265 351 348 378 αὐτοῦ
364 351 544 386 πειθομένους
560 353 652 378 πονεῖν
667 351 713 378 καὶ
730 351 837 387 βάλλειν

62 398 98 428 είς
108 397 138 423 τὰ
152 397 224 429 δεξιά
236 405 243 413 ο
263 396 341 424 τοῦτο
352 398 406 432 γὰρ
419 398 449 424 τὸ
464 398 548 433 μέρος
559 397 712 424 ἐπαινετόν.

96 488 224 522 [Ζήτησον
239 487 294 522 (39)
317 488 362 514 καὶ
375 488 403 514 ἐν
420 488 458 522 τῷ
484 488 620 523 ἑνδεκάτῳ
635 488 776 524 κεφαλαίῳ
790 489 838 516 τοῦ

64 533 128 559 κατὰ
155 534 262 560 Λουκᾶν
292 534 339 559 τό·
360 534 483 568 Ὀμοίως
505 534 539 560 δὲ
560 534 609 561 καὶ
636 535 770 564 Ἰάκωϐον
789 535 840 562 καί

72 577 212 611 Ἰωάννην.
225 577 310 610 υἱοὺς
324 578 495 610 Ζεϐεδαίου,
516 578 544 604 οἳ
557 577 638 614 ἦσαν
651 581 786 607 κοινωνοί
801 581 840 614 τῷ

65 623 174 657 Σίμωνι,
191 623 238 650 καὶ
255 625 288 650 τὰ
315 623 390 658 ἑξῆς,
414 623 462 650 καὶ
478 625 615 658 ἀνάγνωθι
643 626 692 661 τὴν
709 626 841 662 ἐξήγησ.ν

64 669 157 695 αὐτῶν.
175 670 310 705 Εὑρήσεις
325 670 380 705 γὰρ
397 670 554 707 ἀναγωγὴν,
572 671 644 698 πάνυ
662 673 719 704 τοῖς
736 674 842 709 παροῦ-

65 723 103 741 σιν
119 715 313 751 ἁρμόζουσαν.]

96 762 177 796 Λέγει
193 776 228 782 -
244 762 320 789 ἐστι.
333 763 418 789 Τοῦτο
444 764 534 795 συνεὶς
552 765 606 791 ἀπὸ
626 765 676 799 τῆς
702 767 840 802 εὐτυχίας,

65 806 108 832 καὶ
122 807 166 833 τοῦ
181 808 392 841 συγκεκλεῖσθαι
418 809 474 844 (40)
490 810 552 841 τοὺς
570 810 675 845 ίχθύας,
702 811 797 848 ὥσπερ
812 813 843 845 ἐξ

64 851 254 887 ἐπιτάγματος.

97 898 192 932 Σίμων
206 915 240 920 -
252 900 423 930 θάλασσαν.
443 904 676 940 Διορατικώτερος
692 905 742 940 μὲν
756 906 770 932 ὁ
788 906 844 933 Ἰω-

65 943 144 979 άννης
165 946 310 982 περιουσίᾳ
342 948 552 984 καοαρότητος,
583 950 748 985 θερμότερος
776 951 803 978 δὲ
830 953 844 979 ὁ

891 214 1030 241 Salvatore
1041 215 1108 242 nihil
1126 219 1268 250 ceperunt,
1287 219 1419 250 praesente
1433 222 1498 242 vero
1521 214 1676 242 multitudi-

890 268 953 287 nem
971 261 1177 294 conclusorunt,
1205 266 1235 288 ut
1248 268 1444 296 cognoscamus
1463 259 1535 295 quod
1551 259 1610 286 sine
1629 259 1677 286 ilio

888 306 955 333 nihil
967 308 1038 342 quod
1051 307 1115 334 utile
1130 307 1176 339 sit,
1191 307 1362 342 perticimus:
1377 314 1439 334 cum
1453 313 1486 333 eo
1498 310 1601 337 autem,
1615 305 1678 339 plu-

887 353 966 380 rima.
986 355 1098 389 Oportet
1112 359 1177 387 ergo
1193 357 1222 379 ut
1236 352 1378 387 praeceptis
1392 352 1451 386 eius
1459 350 1618 378 obedientes
1631 349 1673 376 la~

889 399 1030 431 boremus,
1046 404 1074 426 et
1090 398 1122 426 ad
1134 399 1275 426 dexteram
1291 398 1444 433 iaciamus;
1460 406 1523 425 nam
1541 397 1598 424 base
1616 403 1679 428 pars

889 445 962 473 laudi
975 446 1066 473 datur.

924 491 1020 523 Quaere
1029 494 1118 517 autem
1126 494 1152 517 et
1162 488 1383 523 undecimojuxta
1394 487 1493 517 Lucam
1503 488 1600 523 capite,
1608 487 1680 521 quod

890 535 1001 563 dicitur:
1026 535 1155 563 Similiter
1189 540 1277 562 autem
1309 539 1333 561 et
1355 535 1479 561 Iacobum
1507 538 1531 561 et
1553 533 1680 560 Joannem

892 582 960 616 ﬁlios
977 582 1105 614 Zebeda-i,
1138 583 1181 616 qui
1194 589 1268 608 erant
1290 583 1355 609 socii
1373 581 1488 608 Simonis
1500 581 1522 612 ⁸,
1535 584 1562 607 et
1573 584 1679 610 caetera,

892 636 924 655 ac
941 629 1049 656 illorum
1071 629 1129 664 lege
1151 628 1365 655 enarrationem.
1384 627 1510 654 Invenies
1525 626 1597 653 enim
1613 633 1680 652 aua-

893 675 985 710 gogiea
1004 675 1183 709 praesentibus
1197 674 1343 702 admodum
1361 681 1495 708 congrua.

927 764 1004 793 Vers.
1021 766 1047 792 7.
1064 765 1132 792 Dicit
1149 779 1183 786 -—
1195 769 1242 792 est.
1254 763 1276 791 Δ
1291 771 1421 799 prospero
1436 763 1462 791 id
1480 770 1579 792 eventu
1603 765 1684 792 intel-

893 812 989 848 ligens,
1009 815 1036 838 et
1051 810 1123 846 quod
1147 815 1272 845 tanquam
1284 817 1317 837 ex
1329 809 1400 837 illius
1415 809 1491 844 jussu
1508 811 1626 838 conclusi
1640 818 1685 837 es-

897 863 958 886 sent
971 858 1069 892 pisces.

933 903 1011 930 Vers.
1022 903 1047 930 7.
1057 901 1190 929 Simon—
1202 910 1286 928 mare.
1301 901 1486 936 Perspicacior
1501 901 1611 936 quidem
1625 906 1686 928 erat

897 950 1015 978 Joannes
1030 947 1216 983 magnitudine
1238 948 1372 982 puritatis.
1388 948 1481 975 Petrus
1495 957 1557 976 vero
1580 949 1688 976 ferven-

64 989 161 1024 Πέτρος
178 991 339 1026 σφοδρότητι
354 993 476 1028 φίλτρου,
493 996 540 1021 Διὸ
554 997 684 1031 γνωρίζει
698 997 746 1030 μὲν
762 998 844 1024 αὐτὸν

914 997 954 1028 iql'
966 995 1136 1022 vehementia
1148 994 1259 1020 amoris:
1277 993 1338 1020 ideo
1352 994 1478 1028 agnoscit
1491 995 1600 1028 quidem
1623 1001 1686 1020 eum

63 1034 77 1057 ό
95 1034 230 1070 Ἰωάννης,
247 1037 299 1071 πρὸ
320 1037 367 1064 τοῦ
389 1038 492 1074 Πέτρου
504 1047 513 1057 ⁸
534 1040 619 1072 ἔξεισι
631 1041 660 1066 δὲ
681 1042 749 1077 πρὸς
763 1043 845 1069 αὑτὸν

915 1048 1017 1068 oannes
1031 1045 1094 1067 ante
1113 1039 1234 1071 Petrum,
1248 1039 1294 1066 sed
1308 1040 1445 1074 egreditur
1458 1040 1490 1065 ad
1506 1047 1567 1066 eum
1589 1039 1687 1066 Petrus

64 1079 192 1115 ὁΠέτρος
220 1082 274 1117 πρὸ
300 1083 347 1109 τοῦ
376 1084 514 1112 Ἰωάννου.
547 1085 679 1118 ’Δκούοας
694 1087 748 1123 γὰρ
765 1088 845 1122 μόνον

911 1092 962 1114 inte
972 1086 1115 1113 Joannem.
1131 1085 1182 1113 Ubi
1192 1085 1263 1112 enim
1276 1085 1364 1112 solum
1378 1085 1508 1119 audisset,
1519 1092 1535 1112 e
1551 1093 1580 1112 se
1594 1085 1688 1112 Domi-

64 1126 105 1152 ὅτι
118 1126 131 1152 ὁ
150 1128 252 1162 Κύριός
269 1130 338 1162 ἐστι,
360 1131 453 1165 ῥίπτει
466 1131 500 1157 τὰ
511 1132 540 1158 ὲν
553 1133 647 1167 χερσὶν
667 1133 779 1166 εὐθέως,
799 1135 846 1161 καὶ

911 1140 976 1165 tum,
999 1131 1140 1159 c0nl‘estim
1155 1138 1215 1166 qua:
1234 1130 1262 1157 in
1276 1130 1400 1157 manibus
1411 1135 1499 1163 erant,
1513 1131 1688 1165 projicit,nec

66 1171 103 1207 μὴ
119 1173 266 1208 ἀναμείνας
285 1176 324 1211 τῷ
340 1176 474 1212 πλοιαρίῳ
488 1177 617 1211 ἐξελθεῖν,
640 1179 731 1214 βάλλει
750 1182 846 1208 ἑαυτὸν

911 1179 1039 1205 ,ustinens
1054 1181 1083 1204 ut
1091 1177 1198 1212 navigio
1209 1177 1241 1203 ad
1252 1183 1314 1203 eum
1326 1175 1491 1211 perveniret,
1502 1183 1562 1203 sese
1574 1176 1601 1203 in
1611 1183 1687 1204 mare

65 1219 104 1249 εἰς
115 1218 162 1253 τὴν
178 1219 314 1247 θάλασσαν
330 1222 374 1248 διὰ
390 1223 419 1249 τὺ
430 1224 510 1258 τάχος
527 1224 576 1259 τῆς
590 1223 763 1257 ἑξελεύσεως.

911 1224 965 1251 aeit
980 1231 1034 1258 quo
1048 1222 1128 1250 citius
1149 1222 1301 1249 accederet.

102 1264 153 1291 Τὸν
170 1265 341 1301 ἐπενδύτην
363 1268 391 1294 δὲ
411 1269 537 1304 χιτώνιόν
558 1271 585 1297 τί
601 1280 685 1304 φασιν
701 1272 757 1308 (Μ)
774 1273 848 1308 ἀχει-

944 1270 1106 1304 Ἑπενδὺτην
1117 1274 1207 1297 autem
1222 1269 1283 1304 (pro
1293 1276 1346 1303 quo
1360 1268 1475 1295 tunicam
1486 1267 1628 1300 vertimus)
1643 1275 1692 1296 vo-

68 1309 178 1344 ρίδωτον
189 1312 253 1346 ἄχρι
268 1314 389 1346 γονάτων
401 1316 587 1349 περιστέλλον.
600 1317 718 1353 Σύνηθες
733 1319 761 1345 δὲ
770 1319 849 1346 τοῦτο

911 1320 950 1343 int
965 1315 1111 1343 tuniculam
1131 1315 1274 1350 quamdam
1282 1314 1396 1341 manicis
1412 1318 1692 1348 carentem,quaecor—

67 1356 124 1386 τοῖς
142 1356 366 1391 θαλαττεύουσιν,
382 1360 541 1395 εὐκινησίαν
569 1361 628 1396 ἅμα
645 1363 692 1390 καὶ
711 1364 848 1399 εὐσχημο-

911 1371 954 1391 )llS
971 1363 1004 1389 ad
1018 1369 1103 1397 genua
1116 1369 1203 1394 usque
1211 1365 1336 1395 contegat
1351 1369 1358 1393 ;
1374 1365 1400 1387 et
1414 1360 1465 1386 hac
1479 1359 1634 1392 utebantur.
1644 1359 1690 1394 qui

67 1401 151 1436 σύνην
180 1403 273 1434 αὐτοῖς
288 1405 364 1439 παρὰ
388 1406 427 1439 τῷ
445 1406 521 1433 ὕδατι
542 1409 779 1442 περιποιούμενοι).
801 1410 849 1436 Γυ-

911 1416 933 1435 ηη
947 1408 1014 1435 mari
1027 1407 1168 1443 degebant.
1179 1406 1245 1433 Nam
1258 1406 1338 1433 simul
1350 1410 1377 1432 et
1388 1405 1531 1440 agilitatem
1538 1406 1578 1432 eis
1591 1405 1692 1432 tribue-

70 1448 137 1482 μνὸς
153 1449 203 1483 μὲν
219 1450 264 1476 οὖν
275 1448 308 1486 ἦν
320 1451 369 1486 τῆς
391 1452 473 1487 ἄλλης
491 1453 586 1488 στολῆς
607 1454 704 1489 αὑτοῦ,
717 1456 811 1483 τοῦτον
822 1457 849 1484 δὲ

911 1455 960 1486 hat,
974 1458 1001 1482 et
1018 1454 1089 1481 inter
1103 1460 1187 1487 aquas
1195 1456 1320 1479 ornatum
1336 1450 1394 1486 (er).
1405 1451 1467 1478 Erat
1482 1451 1582 1485 quippe
1601 1450 1691 1477 nudus

69 1495 151 1530 μόνον
166 1497 212 1522 ἐπὶ
226 1496 273 1522 τοῦ
288 1498 415 1532 σώματος
431 1500 568 1527 ἐνεδέδυτο
584 1501 707 1533 ἄζωστον
719 1510 726 1518 ·
740 1504 849 1536 ἀνάξιον

911 1503 956 1530 ilia
971 1508 1068 1529 carens
1083 1506 1168 1533 veste;
1185 1507 1247 1527 nam
1264 1499 1315 1526 hac
1329 1497 1385 1525 sola
1395 1497 1427 1524 ad
1442 1505 1540 1531 corpus
1555 1497 1690 1524 discincta

67 1541 124 1576 γὰρ
141 1539 212 1568 εἴναι
225 1543 307 1569 αὑτὸν
319 1544 413 1580 πάντη
431 1546 534 1580 γυμνὸν
560 1547 604 1573 διὰ
620 1547 669 1582 τὴν
691 1550 849 1584 ἀσχημοσὺ-

911 1550 1020 1577 indutus
1038 1552 1107 1581 erat;
1126 1555 1216 1582 neque
1238 1546 1311 1573 enim
1327 1545 1514 1577 conveniebat,
1534 1548 1563 1571 ut
1578 1544 1692 1570 omnino

67 1595 129 1621 νην.
154 1587 292 1620 Ἐςώσατο
309 1589 336 1616 δὲ
349 1591 431 1617 αὑτὸν
442 1591 512 1618 αιδοί
525 1593 571 1618 τοῦ
586 1594 701 1628 Κυρίου.

105 1680 138 1706 οι
150 1679 184 1706 δὲ
194 1680 282 1707 ἄλλοι
296 1696 331 1702 —-
344 1683 465 1716 ἰχθύων.
480 1681 582 1710 Ἦλθον
600 1685 775 1720 ἐφελκόμενοι
791 1687 854 1718 τοὺς

69 1725 206 1759 σύροντας
218 1726 248 1752 τὸ
261 1725 371 1753 δίκτυον
388 1729 526 1763 σχοίνους.

111 1771 162 1803 Ὧς
178 1787 212 1791 ——
226 1771 327 1805 ἄρτον.
341 1773 378 1798 Τὸ
391 1774 441 1808 μὲν
456 1774 570 1810 ὀψάριον
587 1776 620 1810 τῇ
639 1775 777 1810 ἀνθρακίᾳ
793 1776 854 1802 ἐπι-

68 1816 199 1851 κείμενον
213 1838 220 1849 ,
235 1817 281 1844 τὸν
304 1818 332 1843 δὲ
350 1819 432 1853 ἄρτον
456 1819 509 1854 ἰδίᾳ
535 1820 749 1855 παρακείμενον,
762 1821 791 1853 ἐξ
806 1821 856 1847 οὐκ

69 1863 157 1890 ὄντων
181 1864 270 1890 πάντα
295 1865 405 1896 πάντως
427 1866 604 1900 παρηγμένα,
635 1866 678 1893 ἵνα
707 1867 856 1894 κάντεῦθεν

70 1909 150 1945 δείξῃ
162 1909 210 1944 τὴν
226 1909 340 1945 δύναμιν
359 1911 455 1943 αὑτοῦ,
480 1913 527 1938 καὶ
548 1913 740 1947 πεπονηκότας
757 1913 863 1945 αὐτοὺς

70 1956 263 1991 ὰνακτήσηται
277 1957 460 1991 φιλοστόργως
476 1958 520 1984 διὰ
533 1958 648 1993 τροφῆς.

108 2002 243 2035 Λέγει-
259 2002 327 2029 νῦν.
352 2003 394 2034 Ὧς
409 2003 486 2034 είὸὼς
500 2004 542 2030 ὃτι
563 2004 680 2031 ἐπίασαν
697 2004 782 2039 λέγει.
802 2005 857 2032 Καὶ

70 2047 129 2082 γὰρ
141 2049 188 2073 καὶ
205 2048 268 2082 πρὶν
282 2048 319 2078 ὡς
332 2048 412 2080 εἰδὼς
430 2048 471 2074 ὅτι
483 2048 626 2076 πιάσουσιν
640 2048 701 2076 εἷπε
717 2058 723 2066 ·
746 2050 858 2078 Βάλετε

69 2092 117 2123 εὶς
134 2091 169 2118 τὰ
186 2092 268 2124 δεξιὰ
284 2093 360 2127 μέρη
385 2093 438 2119 τοῦ
463 2094 572 2120 πλοίου
601 2095 633 2121 τὸ
652 2095 785 2127 δίκτυον,
808 2096 858 2122 καὶ

69 2139 232 2172 εὑρήσετε,
246 2139 292 2165 καὶ
303 2139 347 2166 ἵνα.
359 2141 396 2174 μὴ
409 2139 545 2173 φαντασία
559 2139 622 2175 δόξῃ
631 2140 661 2166 τὸ
673 2142 798 2175 πρᾶγμα,
811 2142 858 2167 καὶ

906 1595 997 1623 nudus
1010 1598 1083 1622 esset
1100 1598 1208 1628 propter
1223 1591 1431 1628 turpitudinem;
1451 1590 1584 1619 succinxit
1601 1593 1692 1616 autem

906 1641 990 1672 illam,
1007 1641 1108 1675 pudore
1124 1639 1242 1666 Domini.

944 1686 1025 1712 Vers.
1037 1685 1064 1711 8.
1078 1684 1174 1711 Ceteri
1187 1692 1246 1710 vero
1265 1698 1300 1704 —
1314 1683 1434 1717 piscium.
1452 1682 1593 1710 Venerunt
1606 1685 1691 1708 attra-

909 1731 998 1759 hendo
1008 1731 1098 1762 funes,
1111 1730 1209 1764 quibus
1225 1733 1282 1756 rete
1297 1728 1463 1755 trahebatur.
1484 1740 1490 1743 ι

944 1775 1021 1802 Vers.
1039 1775 1065 1803 9.
1084 1775 1160 1802 Ut—
1172 1781 1276 1808 panem.
1292 1772 1394 1800 Piscem
1405 1772 1514 1807 quidem
1530 1771 1624 1806 prunis
1643 1779 1692 1799 su-

909 1822 1089 1858 perpositum,
1104 1828 1200 1856 panem
1224 1827 1289 1846 vero
1317 1826 1440 1846 seorsum
1455 1819 1581 1853 positum:
1600 1818 1693 1852 utique

910 1868 1040 1903 producta
1054 1875 1086 1894 cx
1112 1867 1155 1894 his
1177 1874 1238 1896 qua:
1261 1873 1315 1892 non
1339 1869 1428 1892 erant:
1446 1868 1475 1891 ut
1502 1864 1566 1891 hinc
1586 1871 1692 1898 quoque

910 1921 986 1941 suam
998 1914 1125 1941 ostendat
1140 1912 1299 1948 potentiam,
1318 1919 1350 1938 ac
1367 1909 1497 1938 benevole
1514 1916 1562 1936 eos
1585 1916 1633 1943 per
1649 1907 1690 1935 ci-

909 1961 974 1988 bum
987 1968 1002 1986 a
1010 1960 1103 1986 labore
1119 1958 1261 1986 refocillet.

945 2007 1024 2034 Vers.
1040 2005 1082 2032 t0.
1103 2005 1147 2031 Ait
1158 2019 1191 2025 —
1211 2012 1288 2031 nunc.
1307 2002 1406 2037 Utpote
1421 2001 1520 2034 sciens,
1533 2001 1605 2035 quod
1618 2007 1694 2027 com-

911 2052 1130 2088 prehendissent.
1144 2050 1210 2077 Nam
1224 2054 1251 2077 et
1264 2049 1350 2084 prius,
1362 2053 1489 2083 tanquam
1503 2049 1604 2079 sciens,
1621 2046 1694 2081 quod

912 2095 1137 2133 comprehensuri
1148 2099 1250 2126 essent,
1271 2095 1375 2121 dixerat
1395 2102 1403 2121 :
1417 2094 1501 2120 Jacite
1518 2094 1545 2120 in
1560 2094 1694 2120 dexteram

911 2148 1013 2178 partem
1022 2143 1118 2177 navigii
1129 2147 1154 2169 et
1162 2141 1308 2168 invenietis.
1320 2140 1354 2167 Et
1364 2147 1398 2166 ne
1407 2140 1607 2174 phantasticum
1619 2139 1696 2166 vide-

70 2186 150 2215 ὅπως
174 2184 275 2216 ἰδόντες
300 2185 347 2210 καὶ
376 2185 407 2210 τὺ
424 2186 527 2220 πλῆθος
551 2187 598 2213 καὶ
617 2185 646 2212 τὸ
662 2186 778 2220 μέγεοος
805 2186 849 2212 τῶι

914 2195 990 2218 retur
1003 2189 1155 2224 negotium,
1170 2192 1253 2220 utque
1266 2186 1390 2213 videntes
1415 2185 1526 2219 pisvium
1542 2184 1697 2212 multitudi—

71 2230 198 2266 ἰχθύων,
211 2231 301 2257 καὶτὸ
315 2230 373 2262 πῶς
392 2231 441 2258 οὐκ
463 2233 574 2268 ἐσχίσθη
600 2232 631 2258 τὸ
651 2232 770 2263 δίκτυον,
791 2231 858 2258 θαυ-

73 2277 188 2312 μάσωσι
203 2276 292 2304 πλέον.

116 2322 222 2356 Ἀνέϐη
238 2323 337 2358 Σιζαων
346 2323 466 2358 Πέτρος.
476 2324 590 2361 [Ἀνέϐη
600 2324 656 2360 (42)
665 2325 705 2357 εἰς
716 2325 747 2351 τὸ
756 2325 858 2358 πλοῖον,

71 2369 114 2399 ὼς
129 2368 338 2403 ἐμπειρότερος,
353 2371 496 2405 ἑπομένων
513 2370 589 2405 αὐτῷ
605 2370 652 2398 καὶ
672 2370 759 2398 ἄλλων
779 2371 859 2406 δηλο-

72 2412 159 2447 νότι,]

110 2459 169 2485 Καὶ
181 2458 308 2486 εἵλκυσε
326 2475 355 2480 -
372 2460 470 2494 τριῶν.
489 2461 558 2488 Φασι
572 2470 645 2493 τινες
672 2461 717 2488 διὰ
727 2462 781 2488 τῶν
797 2463 862 2489 ἑκα-

72 2506 124 2532 τὸν
138 2505 189 2539 μὲν
219 2505 418 2540 ὑποδηλοῦσθαι
432 2509 495 2540 τοὺς
510 2508 540 2541 ἐξ
557 2508 643 2536 ἐθνῶν
659 2509 862 2544 σαγηνευθησοι

112 2575 124 2591 '
146 2574 214 2601 Luc.
233 2583 260 2606 v,
277 2574 320 2602 10.

908 2244 982 2267 nem,
1006 2243 1038 2263 ac
1053 2233 1264 2270 magnitudinem
1280 2236 1308 2259 et
1321 2231 1454 2266 quomodo
1469 2238 1522 2258 non
1537 2236 1610 2257 esset
1629 2231 1696 2257 scis-

910 2292 970 2312 sum
983 2288 1050 2313 rete,
1067 2282 1151 2318 magis
1163 2281 1242 2308 etiam
1259 2279 1467 2308 admirarentur.

946 2329 1023 2357 Vers.
1049 2328 1090 2354 Η.
1119 2326 1242 2354 Ascendit
1274 2325 1365 2352 Simon
1388 2326 1493 2350 Petrus.
1516 2323 1646 2351 Ascendit
1669 2323 1696 2350 in

911 2376 1011 2404 navim.
1024 2378 1152 2408 tanquam
1164 2373 1229 2399 artis
1240 2371 1364 2406 peritior,
1377 2371 1555 2406 sequentibus
1568 2370 1696 2397 videlicet

916 2427 979 2448 eum
997 2419 1078 2446 etiam
1097 2417 1212 2444 caeteris.

951 2464 1029 2501 vers.
1048 2463 1092 2489 Η.
1111 2462 1145 2489 Et
1156 2461 1237 2488 traxit
1254 2474 1290 2480 -—
1304 2461 1398 2487 tribus.
1417 2460 1517 2487 Dicunt
1531 2457 1624 2492 aliqui,
1649 2463 1698 2491 per

916 2514 1027 2537 centum
1038 2507 1148 2543 quidem
1163 2514 1210 2534 eos
1223 2505 1368 2541 designari,
1380 2505 1425 2540 qui
1440 2512 1472 2532 ex
1485 2503 1611 2539 gentibus
1628 2503 1696 2538 sagi«

696 2607 799 2638 Varia)
815 2606 968 2640 lectiones
990 2611 1022 2638 et
1037 2611 1129 2640 notae.

116 2696 174 2732 (59)
189 2695 296 2732 Inclusa
307 2695 407 2732 absunt
418 2694 450 2720 A.

115 2729 173 2766 (40)
190 2730 365 2766 Συγκλείσοαι
377 2729 409 2754 Α.

114 2762 174 2801 (Μ)
189 2766 274 2792 liabet
286 2765 356 2792 hanc
373 2771 468 2791 vocem
482 2763 581 2791 Galeus
599 2764 626 2791 in
654 2770 750 2798 opusc.
776 2762 860 2799 Myth.

116 2842 167 2878 (ee)
182 2842 320 2869 Ornatum.
350 2841 449 2874 Decus,
465 2840 630 2869 decentiam.

916 2701 943 2729 Ρ,
953 2694 1128 2764 ἰιιειιιεει
1142 2727 1242 2755 absunt
1253 2727 1286 2755 Λ.
