1911 3074
85 163 150 195 1481

557 161 749 192 COMMENT.
770 159 809 189 IN
831 158 1019 189 JOANNEM.
1039 168 1072 172 -
1093 157 1171 186 CAP.
1193 157 1257 186 ΧΧ.

1648 155 1717 187 1482

124 221 166 259 [οἰ
191 221 229 258 (Ι)
246 221 284 257 τῷ
311 222 388 257 τάφῳ
417 221 463 248 τοῦ
493 221 611 256 Χριστοῦ
641 220 868 256 προσεδρεύοντες

957 218 976 253 ἦ·
995 218 1098 245 Christi
1114 217 1241 252 sepulcro
1267 217 1399 244 assistunt
1418 218 1505 254 angeli
1527 217 1559 246 ad
1575 217 1718 245 credulita-

84 268 195 304 ἄγγελοι
226 269 292 303 πρὸς
312 268 444 294 πίστωσιν
460 267 613 303 παρέμενον
628 268 675 293 καὶ
691 266 868 294 διδασκαλίαν

85 314 132 342 τοῦ
147 314 308 350 ἐγηγὲρθαι,
323 313 391 341 ἀλλὰ
404 314 441 348 μὴ
454 313 602 347 κεκλέφθαι
616 313 662 339 τὸν
676 313 801 349 Κύριον]

120 361 173 387 Καὶ
189 375 225 381 -
238 360 374 392 κλαίεις;
389 359 446 395 [Μὴ
464 359 606 394 τολμώσης
619 359 657 395 (‘2)
671 359 756 394 αὐτῆς
769 359 873 394 ἐρωτῆ-

86 415 133 434 σαι
148 406 257 438 αὐτοὺς,
278 406 356 432 αὐτοὶ
368 405 537 438 διαλέγονται
552 403 645 440 urbem

121 452 206 486 Λέγει
225 466 260 471 --
282 451 385 478 αὐτόν.
408 450 487 486 ’ῼετο
511 449 565 485 γὰρ
588 449 639 476 ὑπὸ
657 449 711 476 τῶν
732 449 874 484 θαψάντων

87 497 272 533 μετατεοῆναι
288 497 380 523 αὐτόν.

122 543 177 570 Καὶ
196 559 230 564 -
249 543 373 570 ἑστῶτα.
392 543 446 569 Καὶ
462 542 531 574 πῶς,
549 543 631 578 μήπω
648 542 732 578 μηδὲν
751 542 874 577 μαθοῦσα

87 589 164 624 παρὰ
193 589 247 615 τῶν
274 589 490 624 ὲρωτησάντων,
520 588 652 623 αἰφνίδιον
682 589 806 623 ἐστράφη
833 589 874 620 εἰς

85 635 120 661 τὰ
139 635 243 668 eniam;
261 635 334 667 Ὅτι,
352 628 399 661 τοῦ
416 633 533 670 Χριστοῦ
554 634 629 668 ἄφνω
640 634 768 668 φανέντος
787 633 874 659 ὀπίσω

85 680 183 715 αὐτῆς,
197 681 222 706 οἱ
239 680 361 715 ἄγγελοι,
374 681 420 707 τὸν
436 680 574 715 Δεσπότην
585 679 688 706 ἑαυτῶν
703 679 811 712 ἰδόντες,
831 679 876 706 εὖε

85 725 155 757 om;
185 725 366 762 ἐξανέστησαν
393 726 556 761 σύντρομοι,
589 726 782 762 δουλοπρεπῶς
810 727 873 752 ἁτε.

86 771 206 803 νίζοντες
221 773 261 803 εἱς
273 772 365 799 αὑτὸν.
387 772 526 808 Ἐστράφη
547 771 594 799 οὖν
611 773 675 798 ἰδεῖν
696 773 737 803 τίς
754 773 767 798 ὁ
779 773 873 806 φανεὶς

89 826 193 849 αοτοις.

122 862 178 889 Καὶ
201 877 234 882 -
253 863 346 890 ἐστιν.
369 863 485 899 ΙἘφάνη
507 862 545 898 (5)
569 863 623 898 γὰρ
648 863 716 899 αὐτῇ
741 864 769 890 ὲν
792 864 873 899 ἑτέρᾳ.

89 910 192 944 μορφῇ,
212 909 259 935 καὶ
276 910 303 934 ὲν
320 909 504 944 εὐτελεστέρῳ
520 909 566 935 καὶ
582 909 664 946 κοινῷ
680 910 810 944 σχήματι,
831 910 874 936 ἵνα
889 901 911 932 Β

87 955 126 989 μὴ
138 954 236 989 ἁθρόον
253 955 439 991 καταπλαγῇ]

122 999 206 1034 Λέγει
224 1015 260 1020 -
278 999 349 1034 ἀρῶ.
372 1000 437 1027 Ἀπό
450 1009 480 1027 τε
495 1001 541 1028 τοῦ
554 1000 645 1028 κοινοῦ
672 1002 812 1037 σχήματος
827 1003 872 1028 καὶ

86 1044 133 1072 τοῦ
159 1043 229 1072 εἶναι
254 1046 282 1071 ὲν
307 1045 345 1079 τῷ
371 1046 451 1080 κήπῳ
478 1045 613 1072 ὑπέλαϐεν
640 1047 708 1073 ὃτιὸ
736 1047 873 1082 κηπουρός

85 1093 170 1120 ἐστιν.
186 1092 252 1118 Οὐδὲ
269 1092 324 1127 γὰρ
341 1093 390 1127 τὴν
408 1093 498 1128 φωνὴν
516 1093 598 1120 αὑτοῦ
619 1094 776 1129 ἐγνώρισεν,
788 1095 873 1120 ὰσυν-

88 1138 142 1174 ήοη
175 1139 364 1173 ὲνηχηοεῖσαν.
385 1139 464 1174 ᾫετο
478 1139 516 1171 δὲ,
533 1139 571 1171 ὡς
583 1140 701 1175 εἴρηται,
721 1140 872 1174 μετατεοῆ-

85 1192 131 1210 ναι
163 1183 212 1219 μὲν
239 1183 319 1210 αὐτὸν
353 1184 393 1215 εις
421 1184 515 1218 ⁸ἐτερον
543 1185 626 1211 τόπον
652 1185 872 1220 ἀσφαλέστερον,

86 1229 272 1264 βασταχθῆναι
286 1229 314 1255 δὲ
336 1229 410 1264 παρὰ
425 1229 471 1256 τοῦ
490 1229 639 1265 κηπουροῦ.
665 1230 750 1263 [Εἰπέ
762 1239 813 1265 μοι
835 1231 871 1265 (4)

85 1274 143 1307 οὖν,
164 1275 258 1310 φησὶν,
276 1275 335 1302 ποῦ
349 1275 458 1309 ἔθηκας
475 1275 578 1308 αὐτὸν,
595 1275 676 1310 ndidi
687 1275 779 1302 αὑτὸν
794 1276 854 1310 ἀρῶ
865 1296 872 1309 ,

86 1321 127 1351 εἶς
147 1320 226 1347 ἄλλον
247 1320 440 1355 καταθήσουσα
459 1321 543 1347 τόπον
558 1321 872 1358 ἀνεπιϐουλευτότερον,]

121 1365 168 1402 ['0
184 1365 274 1401 μόνων
296 1366 334 1402 (5)
350 1365 404 1392 τῶν
424 1367 453 1392 ὲν
473 1367 554 1402 γενεᾷ
571 1367 619 1393 καὶ
638 1367 726 1404 φθορᾷ
741 1369 872 1404 δημιουρ-

85 1413 134 1446 γὸν
157 1413 205 1438 καὶ
221 1413 373 1448 προνοητὴν
391 1413 509 1447 νομίζων
525 1413 571 1440 τὶν
592 1413 711 1448 Κύριον,
730 1412 807 1446 οὗτος
833 1415 872 1447 εις

84 1458 224 1493 κηπουρὸν
242 1458 448 1494 παραγνωρίζει
464 1459 545 1486 αὐτόν
559 1467 566 1474 ·
583 1460 621 1486 διὸ
636 1460 684 1487 καὶ
701 1460 797 1495 φεύγει
810 1461 872 1487 τού-

85 1511 133 1530 του
149 1504 197 1531 καὶ
219 1504 258 1539 (6)
274 1505 324 1539 τὴν
339 1504 410 1539 ἁφὴν
424 1505 437 1530 ὁ
458 1505 606 1542 Δεσπότης,
631 1507 669 1539 ὼς
696 1507 780 1543 μήπω
805 1508 871 1544 παρ’

85 1548 160 1583 αὐτῷ
190 1548 293 1580 ἀναῦὰς
321 1550 389 1584 πρὸς
417 1552 447 1576 τὸ
475 1551 585 1586 ἀξίωμα
611 1553 657 1579 καὶ
683 1554 732 1588 τὴν
761 1554 872 1590 ἰσότητα

83 1594 133 1621 τοῦ
163 1595 278 1630 Πατρός.
307 1583 424 1628 Ἀνάξιοι
444 1583 597 1632 γὰργαύ-τοῦ
615 1599 640 1625 οἱ
656 1583 726 1634 μετᾶ
743 1583 870 1636 τοιαύτης
886 1583 908 1614 C

85 1641 248 1676 ὑπολήψεως
261 1642 336 1676 αὐτῷ
351 1642 589 1680 προσερχόμενοι]

121 1687 206 1723 Λέγει
222 1702 257 1707 ›-
271 1687 448 1714 Διδάσκαλε.
466 1688 524 1715 Νῦν
535 1708 542 1721 ,
561 1690 735 1726 καταστήσας
753 1691 802 1726 τὴν
818 1700 872 1725 φω-

85 1733 134 1766 νὴν
155 1732 202 1758 καὶ
221 1732 269 1767 τὴν
289 1731 396 1767 μορφὴν
413 1733 458 1758 καὶ
475 1732 505 1759 τὸ
528 1732 622 1768 σχῆμα
637 1734 704 1768 πρὸς
727 1734 758 1760 τὸ
774 1743 873 1769 γνωρι-

87 1777 220 1812 μώτερον,
236 1777 351 1803 δέδωκεν
367 1777 435 1811 αὐτῇ
453 1777 580 1812 αἴσθησιν
595 1777 695 1809 αὐτῶν,
709 1777 756 1804 καὶ
770 1777 872 1804 αὐτίκα

85 1822 179 1849 τοῦτον
202 1822 361 1856 ἐπιγνοῦσα,
385 1823 497 1856 ἐϐόησεν
521 1823 574 1849 ὑπὸ
602 1823 796 1859 περιχαρεῖας¹
826 1825 872 1850 Δι-

85 1869 235 1895 δάσκαλε.
248 1868 340 1904 [Ἂλλὰ
354 1869 392 1903 (7)
403 1868 461 1900 πῶς
474 1870 623 1904 στραφεῖσα
637 1869 722 1903 λέγει,
734 1870 791 1904 εῐγε
804 1871 871 1905 πρὸς

86 1914 166 1941 αὑτὸν
188 1914 345 1948 διελέγετο;
366 1914 437 1940 Διότι
460 1914 578 1941 εἰποῦσα.
599 1915 667 1950 ὅπερ
691 1914 763 1948 εἶπε,
794 1925 870 1951 μετε-

86 1959 194 1994 στράφη
226 1959 294 1994 πρὸς
321 1959 386 1990 τοὺς
414 1959 548 1993 ἀγγέλους
577 1960 642 1986 ἰδεῖν
676 1962 699 1986 εἰ
733 1961 869 1997 πάρεισιν,

85 2005 102 2039 ἢ
124 2004 261 2040 ἐρωτῆσαι
284 2005 324 2036 τίς
340 2005 354 2030 ὁ
372 2005 510 2039 ἐκπλήξας
534 2005 649 2037 αὐτούς’
667 2006 747 2038 εὐθὺς
771 2007 799 2033 δὲ
823 2007 871 2034 τοῦ

85 2050 205 2086 Χριστοῦ
233 2050 394 2082 καλέσαντος
425 2051 521 2086 αὐτὴν,
553 2051 674 2086 ἐστράφη
702 2052 783 2079 πάλιν
804 2053 871 2087 πρὸς

85 2095 188 2131 αὐτόν]

120 2141 202 2176 Λέγει
219 2156 252 2160 -
265 2140 307 2176 μή
326 2150 386 2175 μου
403 2140 510 2168 ἅπτου.
531 2140 656 2176 Ὢρμησε
677 2141 730 2175 γὰρ
750 2141 870 2176 ἅψασθαι

84 2187 139 2214 τῶν
168 2187 256 2214 ποδῶν
284 2186 387 2219 αὐτοῦ,
407 2186 445 2218 ὼς
469 2186 569 2213 εἰώθει.
601 2186 708 2212 κωλύει
735 2187 763 2213 δὲ
787 2187 870 2222 αὐτὴν

85 2233 289 2268 προσφέρεσθαι
303 2232 378 2266 αὑτῷ
392 2231 440 2259 τοῦ
454 2232 558 2264 λοιποῦ,
573 2231 665 2264 καθὼς
679 2233 709 2258 τὸ
727 2233 869 2268 πρότερον,

86 2279 224 2315 Θειοτέρας
240 2279 289 2315 ήδη
305 2279 353 2314 τῆς
369 2278 468 2314 σαρκὸς
483 2278 566 2306 αὑτοῦ
582 2279 740 2313 γενομένης.

117 2325 204 2352 οὔπω
224 2339 260 2344 -
278 2333 347 2359 μου.
374 2323 459 2350 Τοῦτο
478 2321 537 2350 εἷπε
558 2324 591 2349 δι’
617 2324 693 2350 οὐδὲν
716 2324 817 2358 ἕτερον,
834 2323 871 2355 ὡς

83 2373 97 2397 ὁ
112 2371 302 2406 Χρυσόστομός
319 2378 401 2405 φησιν
417 2370 455 2404 (8)
468 2389 475 2400 ,
493 2369 509 2404 ἢ
527 2371 605 2404 μόνον
618 2369 661 2395 ἵνα
680 2369 735 2404 γνῷ
751 2371 790 2396 ὁτι
805 2369 873 2404 ὑψη-

84 2416 191 2451 λότερός
214 2417 271 2442 ἐστι
293 2417 340 2442 καὶ
357 2414 577 2450 αἱδεσιμώτερος.
605 2415 634 2440 '0
658 2416 711 2449 γὰρ
733 2415 802 2450 μετὰ
824 2415 871 2442 τοῦ

86 2462 213 2496 σώματος
243 2461 365 2487 σπεύδων
397 2461 554 2488 ἀναϐαίνειν
585 2460 652 2495 πρὸς
681 2461 726 2487 τὸν
758 2462 869 2496 Πατέρα

85 2510 131 2536 καὶ
153 2509 219 2535 Θεὸν
241 2508 372 2544 πρόδηλον
393 2509 432 2535 ὅτι
455 2508 485 2534 τὸ
504 2509 551 2535 τοῦ
574 2508 701 2543 σώματος
732 2507 865 2543 ἐπίκηρον

84 2555 245 2582 animum.

122 2601 174 2628 Καὶ
190 2601 243 2636 μὴν
257 2601 308 2635 πρὸ
328 2600 441 2635 βραχέος
464 2600 532 2635 αῦτη
555 2609 582 2626 τε
599 2600 646 2627 καὶ
661 2600 677 2634 ή
692 2599 757 2635 ἄλλη
773 2599 868 2634 Μαρία

681 2693 777 2723 Variae
795 2693 947 2723 lectiones
973 2695 1004 2722 et
1019 2694 1111 2721 notae.

122 2775 160 2809 (ἰ)
178 2774 240 2802 llaec
258 2779 373 2809 uterque
385 2775 411 2802 in
430 2775 561 2810 margine.

121 2812 157 2844 (2)
173 2810 280 2837 Inclusa
292 2811 392 2838 desunt
424 2811 445 2836 A
455 2830 462 2837 .

120 2846 158 2878 (5)
179 2845 265 2871 Etiam
285 2846 342 2871 ιιιιέ
357 2845 457 2872 absunt
470 2847 504 2872 A.

121 2880 157 2915 (rt)
170 2880 275 2907 Inclusa
293 2880 392 2906 absunt
407 2881 438 2906 A.

248 2928 382 2959 l’arnoe.
404 2928 461 2958 Gn.
479 2927 617 2959 CXXIX.

930 271 983 292 tem
1004 269 1197 299 permanentes
1213 272 1220 290 ἓ
1238 268 1321 298 utque
1347 265 1498 291 surrexisse
1522 265 1661 297 docerent,
1690 268 1718 291 et

928 318 983 337 non
1001 310 1073 337 furto
1093 310 1230 336 sublatum
1251 317 1321 336 esse.

964 356 1042 384 Vers.
1069 357 1112 384 l5.
1134 356 1166 383 Et
1183 371 1217 376 —
1240 355 1354 390 ploras?
1377 355 1444 382 Cum
1461 356 1517 390 ipsa
1534 364 1588 384 non
1604 357 1717 386 auderet

928 411 976 430 eos
992 403 1170 437 interrogare,
1187 402 1224 429 illi
1241 402 1265 429 ei
1283 402 1442 437 loquuntur.

965 449 1040 477 Vers.
1064 450 1106 476 t3.
1130 449 1173 476 Αἰι
1187 464 1220 469 —-
1235 457 1304 476 eum.
1321 448 1437 475 Putabat
1459 448 1543 481 enim,
1560 449 1594 476 ab
1606 447 1650 476 his
1669 450 1716 484 qui

929 495 1105 530 sepelierunt,
1126 503 1188 522 eum
1206 494 1290 522 fuisse
1307 494 1514 528 transpositum.

964 541 1042 568 Vers.
1071 541 1113 568 Η.
1141 541 1176 568 Et
1193 545 1365 567 -—~slantem.
1394 539 1427 566 Et
1453 540 1601 574 quomodo,
1628 541 1718 575 prius-

928 595 1012 622 quam
1033 587 1119 614 ullum
1142 587 1294 622 accepisset
1308 593 1471 621 responsum
1487 587 1520 613 ab
1535 587 1576 613 his
1592 587 1638 621 qui
1655 595 1715 614 eam

929 634 1178 669 interrogaverunt,
1204 637 1317 668 repente
1338 639 1469 659 conversa
1489 637 1531 659 est
1546 635 1718 669 retrorsum?

928 679 997 712 Quia
1018 679 1108 706 sublto
1133 682 1284 714 apparentc
1308 677 1418 705 Christo
1445 683 1506 713 post
1524 686 1594 713 eam,
1615 677 1715 715 ang'cli,

929 726 987 752 viso
1004 725 1120 752 Domino
1134 733 1196 757 suo,
1212 724 1304 752 'statim
1320 729 1498 752 surrexerunt
1512 733 1573 752 cum
1588 730 1716 759 tremore,

928 778 1004 798 more
1033 778 1175 798 servorum
1203 772 1230 798 in
1252 778 1313 798 eum
1340 771 1489 798 intuentes.
1513 772 1650 800 Conversa
1676 779 1718 800 est

928 824 1005 853 ergo,
1024 821 1055 844 ut
1074 816 1190 850 videret,
1206 816 1267 852 quis
1289 817 1342 845 illis
1356 817 1538 853 apparuisset.

963 863 1041 892 Vcrs.
1059 865 1104 892 Η.
1122 865 1155 892 Et
1173 879 1202 885 -
1217 871 1296 892 esset.
1313 864 1448 900 Apparuit
1460 865 1533 892 enim
1549 865 1573 892 ei
1589 865 1640 892 alia
1653 873 1717 900 spe-

926 912 978 944 cie,
1001 915 1028 939 et
1047 911 1135 939 viliori
1155 919 1187 939 ac
1213 911 1395 939 communiori
1421 911 1528 943 habitu,
1554 919 1588 939 ne
1604 917 1717 947 repente

927 961 1164 986 consternaretur.

963 1004 1040 1032 Vers.
1062 1004 1107 1032 15.
1123 1003 1192 1030 Dicit
1208 1019 1237 1024 -
1259 1004 1363 1031 tollam.
1393 1003 1415 1031 Α
1444 1004 1583 1032 communi
1608 1005 1714 1038 habitu,

927 1056 954 1078 et
978 1052 1040 1086 quia
1062 1051 1089 1078 in
1117 1051 1198 1077 horto
1218 1055 1288 1083 erat,
1317 1049 1450 1078 arbitrata
1470 1054 1512 1078 est
1539 1051 1715 1079 hortulanum

927 1105 999 1124 esse.
1019 1097 1112 1132 Neque
1133 1096 1206 1124 enim
1232 1104 1327 1123 vocem
1348 1096 1408 1132 ejus
1432 1097 1553 1132 agnovit,
1579 1105 1654 1125 more
1671 1098 1714 1124 in-

927 1148 1006 1171 sueto
1034 1144 1175 1179 prolatam.
1195 1143 1311 1171 Putabat
1337 1148 1439 1176 autem,
1472 1148 1501 1170 ut
1528 1143 1629 1171 dictum
1660 1148 1712 1175 est.

927 1191 1122 1225 transpositum
1143 1198 1205 1218 cum
1231 1197 1292 1218 esse
1314 1189 1340 1216 in
1360 1189 1488 1217 tutiorem
1512 1190 1594 1218 alium
1612 1191 1713 1224 locum,

926 1241 952 1263 et
968 1237 1002 1263 ab
1020 1236 1164 1264 hortulano
1187 1241 1369 1271 asportatum.
1391 1236 1440 1263 Dic
1460 1237 1535 1269 mihi,
1553 1237 1650 1272 inquit,
1669 1238 1712 1265 ubi

925 1283 1043 1317 posueris
1068 1291 1137 1315 eum,
1163 1288 1187 1309 et
1203 1291 1249 1318 ego
1264 1290 1322 1310 eum
1339 1282 1441 1315 tollam,
1463 1283 1490 1310 in
1509 1283 1591 1311 alium
1610 1285 1715 1319 reposi-

927 1334 985 1356 tura
1005 1331 1107 1361 locum.
1123 1330 1159 1356 ah
1175 1330 1281 1357 insidiis
1299 1330 1438 1358 tutiorem.

960 1375 979 1411 -ι-
1002 1375 1054 1409 Qui
1081 1376 1276 1410 generabilium
1305 1381 1411 1403 tantum
1438 1381 1466 1404 et
1493 1376 1713 1412 corruptibilium

925 1426 1078 1449 creatorem
1096 1429 1127 1449 ac
1143 1422 1315 1457 provisorem
1332 1427 1409 1458 putat
1426 1422 1582 1456 Dominum,
1601 1422 1646 1450 hic
1661 1431 1713 1458 pro

925 1467 1070 1495 hortulano
1087 1476 1148 1496 eum
1164 1468 1316 1504 cognoscit.
1333 1469 1440 1497 Idcirco
1457 1469 1540 1496 etiam
1555 1469 1638 1505 hujus
1652 1477 1716 1497 con-

927 1518 1028 1541 tactum
1051 1513 1120 1549 fugit
1141 1514 1284 1546 Dominus,
1301 1515 1373 1549 quod
1395 1515 1467 1550 apud
1490 1515 1566 1542 illum
1592 1515 1716 1543 nondum

926 1559 1080 1588 ascenderit
1107 1560 1141 1587 ad
1163 1560 1324 1595 dignitatem
1347 1568 1379 1588 ac
1403 1561 1585 1597 aequalitatem
1602 1561 1713 1591 Patris:

927 1606 1062 1642 siquidem
1084 1614 1118 1635 eo
1133 1607 1237 1642 indigni
1254 1611 1328 1641 sunt,
1347 1607 1394 1643 qui
1408 1615 1471 1635 cum
1486 1607 1643 1644 hujusmodi
1657 1609 1716 1644 opi-

925 1653 1008 1680 nione
1025 1653 1058 1680 ad
1075 1661 1138 1680 eum
1154 1653 1299 1682 accedunt.

964 1697 1039 1724 Vcrs.
1064 1698 1107 1725 16.
1134 1698 1201 1725 Dicit
1221 1713 1256 1719 —-
1273 1698 1408 1734 Magister.
1449 1699 1527 1728 Nunc
1553 1701 1706 1736 composita

928 1751 1006 1775 voce,
1027 1743 1119 1777 specie
1134 1748 1161 1770 et
1176 1744 1282 1777 habitu,
1301 1748 1330 1770 ut
1344 1743 1464 1773 .facilius
1489 1752 1711 1781 cognosceretur.

926 1787 1001 1814 dedit
1014 1789 1039 1814 ei
1055 1788 1153 1815 horum
1169 1789 1306 1821 notitiam,
1325 1790 1472 1824 statimque
1489 1790 1566 1817 illum
1589 1793 1712 1827 agnovit,

926 1833 1047 1861 clamans
1070 1842 1125 1868 pne
1145 1834 1249 1866 laetitia,
1267 1833 1406 1869 Magister.
1424 1835 1477 1862 Sed
1493 1837 1630 1870 quomodo
1645 1846 1713 1864 con-

924 1889 1001 1908 versa
1017 1880 1092 1913 dicit,
1109 1881 1130 1907 si
1151 1880 1207 1915 jam
1229 1888 1290 1908 eum
1307 1888 1339 1908 eo
1354 1880 1534 1915 loquebatur?
1549 1881 1628 1914 Quia,
1651 1889 1712 1909 eum

925 1927 950 1953 id
987 1926 1111 1958 dixisset,
1145 1926 1218 1962 quod
1245 1926 1420 1961 loquebatur,
1454 1933 1586 1954 conversa
1613 1932 1655 1954 est
1678 1928 1712 1954 ad

925 1971 1045 2006 angelos,
1062 1976 1091 1998 ut
1113 1972 1216 1998 videret
1237 1978 1272 1998 an
1295 1970 1435 2004 adessent,
1450 1970 1492 1998 vel
1508 1975 1537 1998 ut
1560 1971 1710 2006 interroga-

923 2021 966 2044 ret
983 2017 1051 2052 quid
1066 2017 1126 2044 illos
1143 2017 1169 2044 in
1186 2021 1325 2052 stuporem
1355 2016 1513 2044 adduxisset
1531 2026 1538 2043 :
1565 2017 1711 2052 statimque

924 2063 1034 2090 Christo
1046 2072 1104 2090 eam
1120 2067 1245 2096 vocante,
1257 2069 1352 2090 rursus
1366 2062 1399 2090 ad
1412 2062 1501 2097 ipsum
1515 2070 1646 2090 conversa
1657 2068 1710 2090 est.

960 2139 1037 2166 Vcrs.
1060 2139 1102 2166 l7.
1121 2139 1192 2166 Dicit
1224 2153 1258 2159 —
1275 2138 1330 2165 noli
1345 2146 1386 2165 me
1408 2143 1524 2173 tangere.
1548 2137 1614 2166 Nam
1632 2146 1662 2166 se
1676 2139 1710 2167 ad

925 2185 1089 2222 tangendum
1123 2186 1206 2220 pedes
1236 2185 1297 2220 ejus
1340 2185 1461 2220 aptabat,
1495 2186 1565 2213 sicut
1594 2186 1709 2214 solebat.

925 2232 1054 2260 Prohibet
1069 2236 1160 2259 autem
1175 2239 1209 2259 ne
1223 2231 1352 2266 deinceps
1367 2231 1478 2259 accedat
1492 2232 1526 2259 ad
1540 2239 1602 2259 eum
1617 2233 1708 2265 modo.

925 2286 979 2313 quo
997 2279 1084 2313 prius,
1102 2286 1163 2305 cum
1179 2279 1234 2313 jam
1253 2277 1371 2305 divinior
1388 2277 1458 2304 facta
1473 2278 1506 2304 sit
1527 2285 1592 2304 caro
1604 2277 1673 2312 ejus.

963 2325 1038 2352 \‘ers.
1072 2325 1115 2351 Π.
1135 2323 1260 2350 Nondum
1278 2339 1311 2344 —
1335 2332 1430 2351 meum.
1459 2323 1516 2351 Hoc
1546 2323 1579 2350 ad
1606 2324 1710 2351 nullum

923 2372 1005 2398 alium
1021 2371 1089 2398 dixit
1109 2370 1202 2403 tinem,
1221 2374 1250 2397 ut
1266 2370 1305 2397 ait
1318 2370 1539 2405 Chrysostomns,
1555 2370 1607 2397 nisi
1622 2374 1651 2397 ut
1663 2378 1709 2397 so-

925 2418 980 2444 lum
997 2416 1164 2452 intelligeret
1177 2416 1250 2452 quod
1267 2416 1411 2444 sublimior
1426 2416 1461 2443 sit
1476 2416 1613 2450 magisque
1628 2423 1709 2443 vene-

925 2463 1036 2491 randus.
1063 2463 1130 2490 Nam
1149 2464 1195 2498 qui
1221 2463 1318 2490 nititur
1341 2471 1403 2490 cum
1430 2469 1545 2497 corpore
1568 2462 1601 2488 ad
1623 2461 1708 2488 Deum

902 2517 909 2526 ι
923 2516 954 2535 ac
970 2507 1077 2535 Patrem
1094 2507 1254 2539 ascendere,
1271 2507 1445 2534 manifestum
1461 2511 1503 2533 est
1526 2506 1596 2540 quod
1612 2513 1709 2540 corpo-

925 2554 962 2580 ris
982 2553 1156 2589 fragilitatem
1177 2553 1322 2588 abjecerat.

958 2600 1039 2634 Atqui
1065 2599 1144 2634 paulo
1161 2604 1224 2627 ante
1241 2599 1298 2634 ipsa
1316 2603 1343 2626 et
1359 2599 1443 2626 altera
1460 2598 1541 2625 Maria
1564 2601 1708 2625 tenuerant

1509 2688 1518 2701 \

961 2774 999 2807 (ὅ)
1021 2773 1048 2799 In
1071 2771 1192 2805 margine
1209 2771 1267 2807 hare
1285 2770 1367 2796 habet
1379 2769 1463 2796 codex
1480 2772 1604 2802 uterque.

965 2805 1001 2842 (δ’)
1024 2808 1077 2834 Καί
1094 2807 1196 2833 omittit
1214 2805 1245 2831 Β.

965 2844 1003 2875 (7t
1019 2843 1125 2870 Inclusa
1141 2843 1240 2868 absunt
1267 2841 1298 2866 Α.

960 2879 998 2913 (8)
1017 2878 1093 2904 'l'oni.
1112 2876 1181 2908 \‘lll,
1195 2884 1221 2911 p.

1512 2919 1547 2952 47
