1911 3074
45 120 109 153 1403

487 120 674 152 COMMENT.
697 120 738 151 IN
757 119 944 151 JOANNEM.
959 132 993 137 —
1012 120 1091 150 CAP.
1112 120 1193 151 ΧΧῑ.

1592 118 1660 151 1494

81 179 128 205 Kal
144 179 198 205 aint
224 178 268 205 ἔτι
285 193 321 199 --
340 179 460 213 meumr.
479 178 610 209 ’Δπόντος
631 177 680 213 μὲν
700 177 747 204 τοῦ
765 179 823 204 Σω-

913 176 988 204 Vers.
1004 177 1030 204 6.
1052 177 1084 204 Et
1092 178 1153 212 jam
1170 185 1220 204 non
1230 192 1265 197 —
1277 178 1399 212 piscium.
1415 178 1537 207 Absente
1551 178 1661 213 quidem

42 223 132 258 τῆρος,
146 223 351 250 οὐδὲνὲπίασαν
365 244 372 257 ,
402 223 535 259 παρόντος
564 223 603 256 δὲ,
625 223 725 258 πλῆθος
747 223 824 250 συνέ-

43 270 170 301 κλεισαν,
192 269 235 295 ἵνα
260 268 369 304 γνῶμεν
390 270 431 296 ὅτι
456 270 542 305 χωρὶς
560 270 608 303 μὲν
638 269 720 296 αὐτοῦ
746 267 824 295 οὐδὲν

41 315 177 349 ὠφέλιμον
191 314 310 349 ἀνύομεν
323 335 331 346 ,
350 316 399 342 σὺν
410 315 484 349 αὐτῷ
496 315 534 345 δὲ,
546 315 641 341 πολλά.
659 315 720 350 Χρὴ
733 315 825 341 τοίνυν

42 360 101 389 ταῖς
116 359 237 390 ἐντολαῖς
253 359 336 385 αὐτοῦ
352 359 532 394 πειθομένους
548 360 640 385 πονεῖν
655 359 701 385 καὶ
717 359 825 394 βάλλειν

45 406 83 435 είς
93 404 125 430 τὰ
139 404 211 437 δεξιά
223 413 231 420 ο
251 404 329 431 τοῦτο
340 405 394 440 γὰρ
407 405 437 431 τὸ
452 405 536 440 μέρος
547 405 699 431 ἐπαινετόν.

81 496 212 530 [Ζήτησον
227 495 282 530 (59)
304 496 350 521 καὶ
362 496 391 521 ὲν
408 495 446 530 τῷ
472 495 608 531 ἑνδεκάτῳ
623 495 764 532 κεφαλαίῳ
778 497 826 523 τοῦ

47 540 115 567 κατὰ
143 541 250 567 Λουκᾱν
279 541 326 567 τό·
348 541 471 575 Ὁμοίως
493 541 527 568 δὲ
548 541 597 568 καὶ
623 542 758 571 Ἰάκωϐον
778 543 827 570 καὶ

54 585 199 618 Ἰωάννην,
214 585 297 618 υἱοὺς
312 585 483 618 Ζεϐεδαίου,
504 585 533 612 οἳ
545 584 626 620 ἦσαν
639 588 775 615 κοινωνοί
788 588 828 622 τῷ

48 631 162 665 Σίμωνι,
179 631 225 657 καὶ
243 632 276 658 τὰ
303 631 378 665 ἑξῆς,
402 631 450 657 καὶ
466 632 603 665 ἀνάγνωθι
631 633 680 668 τὴν
698 633 829 669 ἐξήγησιν

48 676 144 702 αὐτῶν.
163 677 298 713 Εὑρήσεις
313 677 368 712 γὰρ
385 678 542 714 ἀναγωγὴν,
560 679 632 706 πάνυ
650 681 708 711 τοῖς
724 681 830 716 παροῦ-

48 731 89 748 σιν
105 723 300 759 ἀρμόζουσαν.]

82 770 164 803 Λέγει
181 784 216 789 ——-
231 770 307 797 ἐστι.
321 770 406 797 Τοῦτο
432 771 522 802 συνεὶς
540 772 594 798 ἀπὸ
614 773 664 806 τῆς
690 773 828 809 εὐτυχίας,

49 814 94 840 καὶ
108 814 154 841 τοῦ
168 816 380 849 συγκεκλεῖσθαι
405 816 463 852 (40)
478 817 541 849 τοὺς
558 818 664 853 ἰχθύας,
690 818 786 855 ὥσπερ
801 820 831 853 ἐξ

48 859 241 895 ἐπιτάγματος.

83 906 180 940 Σίμων
194 923 227 927 -
240 907 411 937 θάλασσαν.
431 911 664 947 Διορατικώτερος
680 912 730 947 μὲν
744 913 758 939 ὁ
776 913 832 940 Ἰω‹

50 951 132 986 ἀννης
153 954 298 989 περιουσίᾳ
330 955 540 992 καθαρότητος,
571 957 736 993 θερμότερος
764 959 792 985 δὲ
818 961 832 986 ό

49 996 150 1031 Πέτρος
167 999 327 1034 σφοδρότητι
341 1001 464 1036 φίλτρου.
481 1004 527 1029 Διὸ
543 1004 672 1038 γνωρίζει
686 1004 734 1038 μὲν
750 1005 832 1031 αὑτὸν

49 1041 62 1064 ὁ
82 1041 218 1077 Ἰωάννης,
234 1045 287 1078 πρὸ
307 1044 355 1071 τοῦ
378 1046 500 1081 Πέτρου·
522 1047 606 1080 ἔξεισι
619 1048 648 1074 δὲ
669 1050 737 1085 πρὸς
751 1050 832 1076 αὐτὸν

50 1087 64 1112 ὁ
80 1087 180 1122 Πέτρος
208 1089 261 1125 πρὸ
288 1090 335 1116 τοῦ
364 1091 502 1119 Ἰωάννου.
535 1093 668 1126 ’Λκούοας
682 1095 736 1131 γὰρ
753 1095 833 1130 μόνον

50 1133 91 1159 ὅτι
106 1134 119 1159 ὁ
137 1135 239 1169 Κύριός
258 1137 326 1169 ἐστι,
349 1138 440 1173 ῥίπτει
454 1139 488 1164 τὰ
499 1139 527 1166 ἐν
541 1141 635 1174 χερσὶν
655 1141 767 1174 εὐθέως,
787 1143 834 1169 καὶ

53 1179 90 1214 μὴ
106 1181 255 1215 ἀναμείνας
273 1183 312 1218 τῷ
328 1183 462 1220 πλοιαρίῳ
476 1184 605 1219 ἐξελθεῖν,
628 1187 720 1221 βάλλει
739 1189 834 1215 ἑαυτὸν

53 1226 92 1256 εἰς
103 1225 150 1261 τὴν
166 1227 302 1254 θάλασσαν
319 1229 362 1256 διὰ
378 1230 407 1256 τὺ
417 1231 498 1266 τάχος
515 1231 564 1266 τῆς
578 1231 751 1264 ἐξελεύσεως.

90 1271 141 1298 Τὸν
158 1273 329 1308 ἐπενδύτην
351 1276 380 1302 δὲ
400 1277 525 1311 χιτώνιόν
546 1279 573 1304 τί
589 1287 673 1312 φασιν
689 1279 745 1315 (41)
762 1281 836 1316 ἀχει-

55 1317 166 1351 ρίδωτον
177 1319 241 1353 ἄχρι
257 1321 377 1353 γονάτων
389 1324 575 1357 περιστέλλου.
588 1325 707 1360 Σύνηθες
721 1326 749 1352 δὲ
757 1327 837 1354 τοῦτο

55 1364 111 1394 τοῖς
130 1363 354 1398 θαλαττεύουσιν,
370 1367 529 1403 εὐκινησίαν
557 1369 615 1403 ἅμα
633 1371 680 1397 καὶ
699 1371 836 1406 εὐσχημο-

56 1409 139 1444 σύνην
169 1410 261 1441 αὐτοῖς
275 1413 351 1446 παρὰ
375 1413 415 1446 τῷ
432 1413 509 1441 ὕδατι
529 1416 767 1450 περιποιούμενον.
788 1418 839 1444 Γυ-

58 1456 125 1490 μνδς
141 1457 191 1491 μὲν
207 1457 252 1484 οὖν
263 1456 296 1493 ἦν
308 1459 357 1494 τῆς
379 1459 461 1494 ἄλλης
479 1461 574 1496 στολῆς
595 1462 691 1496 αὐτοῦ,
705 1463 799 1490 τοῦτον
810 1464 839 1491 δὲ

879 222 1018 249 Salvatore
1029 223 1096 249 nihil
1113 227 1255 257 ceperunt,
1274 228 1406 257 praesente
1421 231 1485 251 vero
1508 223 1662 251 multitudi-

877 275 940 295 nem
958 268 1165 301 concluserunt,
1192 273 1223 296 ut
1236 276 1430 304 cognoscamus
1449 269 1521 303 quod
1537 269 1596 296 sine
1615 268 1663 295 illo

877 313 943 341 nihil
954 316 1025 350 quod
1039 314 1103 342 utile
1117 315 1163 347 sit,
1179 315 1349 350 perﬁcimus:
1365 322 1427 342 cum
1440 321 1474 341 eo
1485 319 1588 346 autem,
1601 314 1664 348 plu-

875 360 954 388 rima.
974 362 1086 396 Oportet
1100 367 1165 395 ergo
1181 364 1210 386 ιιι
1224 359 1365 394 praeceptis
1379 360 1438 394 ejus
1446 358 1605 386 obedientes
1617 359 1659 385 la-

877 406 1017 438 boremus,
1034 412 1061 433 et
1077 406 1111 433 ad
1122 407 1262 433 dexteram
1279 406 1432 441 iaciamus;
1448 414 1510 433 nam
1529 405 1585 432 btet-
1603 412 1665 436 pars

877 453 950 480 laudi
963 453 1054 480 datur.

913 498 1008 530 Quaere
1017 502 1106 524 autem
1114 502 1140 524 et
1149 496 1371 531 ttnderimojuxta
1383 495 1481 524 Lucam
1491 496 1587 531 capite.
1595 495 1668 530 quod

878 543 989 570 dicitur:
1014 543 1144 570 Similiter
1177 548 1265 569 autem
1297 547 1321 569 et
1343 542 1468 569 Iacobum
1495 546 1518 569 et
1541 541 1669 568 Joannem

880 589 947 624 ﬁlios
965 590 1094 622 Zebedwi,
1125 590 1170 624 qui
1182 596 1255 616 erant
1278 590 1343 616 socii
1361 589 1476 616 Simonis
1488 589 1510 620 ’,
1523 592 1550 615 et
1561 592 1667 618 caetero,

880 643 912 662 ac
929 636 1036 663 illorum
1058 636 1117 671 lege
1140 635 1353 662 enarrationem.
1372 635 1498 661 Invenies
1512 634 1584 661 enim
1601 641 1668 660 anu-

881 682 973 717 gogica
992 683 1171 717 praesentibus
1185 681 1331 709 admodum
1349 689 1483 716 congrua.

915 772 992 800 Vers.
1009 774 1035 800 7.
1052 772 1121 799 Dicit
1136 787 1171 793 —
1183 777 1230 799 est.
1242 771 1264 798 Δ
1279 779 1409 807 prospero
1425 771 1450 799 id
1468 777 1566 799 eventu
1590 773 1671 800 intel-

881 819 978 855 ligens,
997 823 1024 845 et
1040 817 1111 853 quod
1135 822 1261 853 tanquam
1272 825 1306 845 ex
1317 817 1388 844 illius
1403 817 1479 851 jussu
1496 818 1614 845 conclusi
1627 825 1672 845 es-

878 860 947 893 sent
960 865 1057 899 pisces.

922 911 999 937 Vers.
1010 911 1035 937 7.
1045 909 1179 937 Simon—
1190 917 1275 935 mare.
1289 908 1475 944 Perspicaeior
1489 908 1599 944 quidem
1613 913 1674 935 erat

885 957 1003 986 Joannes
1018 955 1204 991 magnitudine
1226 955 1360 989 puritatis.
1376 956 1470 983 Petrus
1483 965 1545 983 vero
1567 956 1676 983 ferven-

887 1004 942 1035 tior
954 1002 1124 1029 vehementia
1136 1002 1247 1027 amoris:
1265 1001 1326 1028 ideo
1340 1001 1465 1036 agnoscit
1479 1003 1588 1036 quidem
1611 1008 1674 1027 eum

886 1049 1005 1076 Joannes
1019 1052 1082 1074 ante
1100 1046 1222 1078 Petrum,
1236 1047 1282 1073 sed
1296 1047 1433 1081 egreditur
1446 1047 1477 1073 ad
1494 1054 1555 1073 eum
1577 1047 1675 1074 Petrus

888 1099 950 1122 ante
960 1093 1103 1121 Joannem.
1119 1092 1170 1120 Ubi
1180 1093 1251 1119 enim
1264 1092 1352 1119 solum
1365 1092 1496 1126 audisset,
1507 1099 1523 1120 e
1539 1101 1568 1119 se
1583 1093 1676 1119 Domi-

888 1148 964 1172 num,
987 1139 1128 1167 confestim
1143 1146 1204 1173 quae
1222 1138 1250 1164 in
1263 1137 1388 1165 manibus
1399 1142 1487 1171 erant,
1501 1138 1676 1172 projicit,nee

889 1186 1027 1213 sustinens
1043 1189 1071 1211 ut
1079 1185 1186 1219 navigio
1197 1184 1230 1211 ad
1240 1191 1302 1210 eum
1314 1182 1479 1218 perveniret,
1490 1190 1550 1210 sese
1561 1183 1589 1210 in
1599 1191 1675 1211 mare

886 1231 953 1266 jacit
968 1238 1022 1265 quo
1036 1230 1116 1258 citius
1136 1229 1289 1257 accederet.

932 1277 1094 1311 Ἐπενδύτην
1105 1281 1195 1304 autem
1210 1276 1271 1312 (pro
1281 1283 1334 1311 quo
1348 1275 1463 1302 tunicam
1475 1274 1615 1308 vertimus)
1631 1282 1680 1303 vo-

891 1327 938 1350 ant
954 1323 1099 1350 tuniculam
1119 1322 1262 1357 quamdam
1270 1321 1384 1348 manicis
1400 1325 1680 1355 carentem,quzecor—

890 1378 942 1406 pus
959 1370 992 1397 ad
1005 1377 1091 1404 genua
1104 1376 1190 1401 usque
1198 1372 1323 1403 contegat
1338 1376 1346 1401 ;
1362 1373 1388 1394 et
1402 1367 1453 1393 hac
1467 1366 1622 1398 utebantur,
1632 1366 1678 1401 qui

893 1416 921 1442 in
935 1416 1002 1442 mari
1015 1415 1156 1450 degebant.
1168 1413 1233 1441 Nam
1246 1413 1326 1441 simul
1337 1417 1364 1440 et
1375 1412 1519 1448 agilitatem
1526 1413 1566 1440 eis
1579 1413 1680 1440 tribue-

894 1461 947 1493 bat,
962 1466 989 1489 et
1006 1461 1077 1488 inter
1091 1467 1174 1494 aquas
1184 1463 1308 1486 ornatum
1324 1458 1382 1493 (ea).
1393 1459 1456 1485 Erat
1470 1458 1570 1493 quippe
1590 1458 1679 1485 nudus

58 1502 139 1537 μόνον
154 1505 200 1530 ἐπὶ
215 1504 262 1530 τοῦ
276 1505 403 1539 σώματος
419 1507 556 1534 ἐνεδέδυτο
572 1509 695 1540 ἄζωστον
707 1518 714 1525 ·
728 1511 837 1543 ἀνάξιον

898 1510 945 1537 alia
960 1516 1055 1536 carens
1071 1514 1156 1541 veste;
1173 1514 1235 1536 nam
1252 1507 1303 1533 hac
1317 1505 1373 1532 sola
1383 1504 1415 1531 ad
1430 1512 1529 1538 corpus
1544 1505 1678 1532 discincta

55 1549 112 1583 γὰρ
129 1546 200 1575 εῖναι
213 1550 295 1576 αὐτὸν
307 1552 401 1587 πάντη
419 1553 522 1587 γυμνὸν
548 1555 592 1581 διὰ
608 1555 657 1590 τὴν
679 1557 841 1592 ἀσχημοσύ-

56 1602 117 1628 νην.
142 1595 281 1627 Ἐςώσατο
297 1597 324 1623 δὲ
337 1598 419 1624 αὐτὸν
430 1598 500 1625 αίδοί
512 1600 559 1626 τοῦ
575 1601 689 1636 Κυρίου.

94 1687 126 1713 οι
138 1686 173 1713 δὲ
182 1687 270 1715 ἄλλοι
284 1703 319 1708 -
332 1690 453 1723 ἰχθύων.
468 1688 570 1718 Ἦλθον
588 1692 763 1728 ἐφελκόμενοι
779 1695 842 1726 τοὺς

58 1731 194 1766 σύροντας
205 1733 236 1759 τὺ
249 1733 359 1760 δίκτυον
376 1736 514 1770 σχοίνους.

100 1778 150 1810 Ὠς
166 1794 200 1798 -
214 1779 316 1812 ἄρτον.
329 1780 366 1806 Τὸ
379 1782 429 1815 μὲν
444 1782 559 1817 ὀψάριον
575 1783 607 1817 τῇ
628 1782 765 1818 ἀνθρακίᾳ
781 1784 843 1809 ἑπι-

57 1823 187 1858 κείμενον
201 1845 208 1857 ,
223 1825 269 1851 τὸν
292 1825 320 1851 δὲ
338 1826 420 1860 ἄρτον
444 1826 497 1862 ἰδίᾳ
524 1827 738 1862 παρακείμενον,
750 1828 779 1860 ἐξ
794 1828 844 1854 οὐκ

57 1869 145 1896 ὄντων
169 1872 258 1897 πάντα
283 1872 393 1903 πάντως
415 1873 592 1907 παρηγμὲνα,
623 1874 666 1900 ἴνα
695 1874 844 1900 κάντεῦθεν

59 1916 138 1952 δείξῃ
150 1917 198 1952 τὴν
214 1917 328 1952 δύναμιν
347 1918 443 1951 αὑτοῦ,
468 1920 515 1944 καὶ
536 1921 728 1954 πεπονηκότας
745 1921 851 1953 αὐτοὺς·

60 1963 250 1998 ἁνακτήσηται
265 1964 448 1998 φιλοστόργως
464 1965 508 1991 διὰ
522 1965 637 2000 τροφῆς.

97 2009 231 2042 Λέγει-
247 2010 315 2036 νῦν.
340 2010 382 2041 Ὠς
396 2010 473 2041 εἰδὼς
489 2011 530 2037 ὅτι
551 2012 668 2038 ἐπίασαν
685 2012 771 2047 λέγει.
790 2013 846 2040 Καὶ

60 2054 117 2089 γὰρ
130 2056 176 2080 καὶ
193 2055 256 2090 πρὶν
270 2056 307 2086 ὡς
320 2055 400 2087 εἰδὼς
418 2056 459 2082 ὅτι
471 2056 614 2084 πιάσουσιν
628 2055 689 2084 εἷπε
705 2066 712 2073 ν
735 2057 847 2085 Βάλετε

59 2099 106 2130 εις
123 2099 158 2125 τὰ
174 2099 256 2131 δεξιὰ
272 2101 347 2134 μέρη
373 2101 426 2127 τοῦ
451 2102 561 2128 πλοίου
589 2103 621 2128 τὸ
640 2102 773 2135 δίκτυον,
796 2104 846 2130 καὶ

60 2146 220 2179 εὑρήσετε,
234 2147 280 2172 καὶ
291 2146 335 2172 ἵνα
347 2148 384 2182 μὴ
397 2147 533 2181 φαντασία
547 2147 610 2182 δόξῃ
619 2148 649 2174 τὸ
661 2149 786 2183 πρᾶγμα,
799 2150 846 2175 καὶ

895 1557 1007 1585 indutus
1026 1560 1095 1588 erat;
1114 1562 1204 1589 neque
1226 1554 1299 1581 enim
1315 1553 1503 1584 conveniebat,
1522 1556 1552 1579 ut
1567 1551 1681 1578 omnino

894 1603 984 1630 nudus
999 1605 1072 1630 esset
1087 1605 1196 1636 propter
1212 1599 1419 1635 turpitudinen);
1440 1598 1573 1626 succinin
1590 1601 1680 1623 autem

895 1648 978 1679 illam,
994 1648 1096 1682 pudore
1112 1646 1230 1674 Domini.

932 1693 1013 1720 Vers.
1025 1692 1052 1718 8.
1066 1691 1162 1718 Ca’teri
1175 1699 1233 1717 vero
1253 1706 1288 1711 —
1302 1691 1422 1725 piscium.
1440 1690 1580 1718 Venerunt
1595 1693 1679 1716 attra—

897 1739 985 1766 hendo
996 1738 1085 1769 funes,
1099 1737 1197 1770 quibus
1213 1741 1270 1763 rete
1284 1736 1451 1763 trahebatur.
1472 1748 1477 1751 -

931 1783 1009 1810 Vcrs.
1027 1783 1053 1810 9.
1072 1782 1148 1809 Ut—
1160 1789 1264 1815 panem.
1280 1779 1382 1807 Piscem
1393 1780 1501 1814 quidem
1518 1779 1613 1813 prunis
1631 1787 1680 1806 su—

897 1829 1078 1865 perpositum,
1092 1835 1189 1863 panem
1212 1834 1277 1854 vero
1305 1833 1429 1853 seorsum
1443 1826 1569 1860 positum:
1589 1825 1681 1859 utique

898 1876 1028 1911 producta
1042 1883 1074 1902 ex
1100 1874 1143 1901 his
1165 1881 1226 1904 qua:
1249 1879 1303 1899 non
1327 1875 1416 1899 erant:
1434 1875 1464 1898 ul.
1490 1871 1553 1898 hinc
1574 1878 1680 1905 quoque

898 1929 974 1949 suam
986 1921 1113 1948 ostendat
1128 1919 1287 1955 potentiam,
1307 1925 1338 1945 ac
1355 1916 1485 1944 benevole
1503 1923 1550 1943 eos
1573 1923 1621 1950 per
1637 1915 1678 1942 ci-

898 1968 962 1995 bum
976 1967 1091 1994 alabore
1107 1965 1249 1993 refocillet.

934 2014 1012 2042 νει-ε.
1027 2013 1070 2040 t0.
1091 2013 1135 2039 Ait
1146 2027 1179 2032 ——
1198 2019 1276 2038 nunc.
1295 2009 1395 2044 Utpote
1409 2008 1508 2040 sciens,
1521 2007 1593 2042 quod
1606 2015 1681 2034 com-

899 2059 1118 2096 prehendissent.
1132 2057 1198 2084 Nam
1212 2061 1239 2084 et
1252 2055 1338 2091 prius,
1351 2060 1477 2090 tanquam
1492 2055 1592 2086 sciens,
1609 2053 1682 2088 quod

899 2103 1124 2140 comprehensuri
1136 2106 1238 2133 essent,
1259 2102 1363 2129 dixerat
1383 2109 1391 2128 :
1405 2101 1489 2128 Jacite
1506 2101 1533 2126 in
1548 2100 1682 2126 dexteram

899 2156 1001 2185 partem
1010 2150 1106 2184 navigii
1117 2154 1141 2176 et
1150 2148 1296 2176 invenietis.
1308 2147 1341 2174 Et
1352 2155 1386 2174 ne
1395 2147 1594 2182 phantasticum
1607 2145 1683 2173 vide—

61 2193 139 2222 ὅπως
163 2192 263 2222 ἰδόντες
288 2192 335 2218 καὶ
365 2192 395 2218 τὸ
412 2193 515 2228 πλῆθος
539 2194 586 2220 καὶ
605 2193 635 2219 τὺ
650 2193 766 2228 μέγεθος
794 2194 837 2220 τῶ·

901 2203 978 2225 retur
990 2196 1144 2231 negotium,
1157 2200 1240 2228 utque
1254 2194 1377 2220 videntes
1403 2192 1515 2227 piscium
1530 2191 1685 2218 multitudi-

63 2237 186 2272 ἰχθύων,
199 2239 247 2264 καὶ
261 2237 289 2264 τὸ
304 2238 362 2270 πῶς
380 2238 430 2265 οὐκ
450 2240 562 2275 ἐσχίσθη
588 2239 620 2266 τὸ
639 2239 757 2270 δίκτυον,
779 2239 847 2266 θαυ-

64 2285 177 2319 μάσωσι
191 2283 281 2310 πλέον.

106 2329 211 2363 Ἀνέϐη
227 2330 325 2364 Σίμων
334 2330 454 2365 Πέτρος.
465 2332 578 2368 [Ἀνέϐη
588 2332 644 2367 (£2)
653 2333 693 2365 εἰς
704 2333 735 2359 τὸ
744 2333 846 2366 πλοῖον,

62 2376 104 2406 ὼς
117 2375 327 2410 ἐμπειρότερος,
342 2377 484 2412 ἑπομένων
502 2377 577 2412 αὐτῷ
594 2378 640 2405 καὶ
661 2378 747 2405 ἄλλων
767 2379 847 2414 δηλο-

63 2419 148 2455 νότι.]

101 2467 158 2492 Καὶ
170 2467 296 2493 εἵλκυσε
315 2483 343 2488 -
360 2466 459 2500 τριῶν.
478 2468 546 2495 (Pacti
560 2477 633 2499 τινες
660 2469 706 2495 διὰ
715 2469 769 2495 τῶν
785 2470 850 2496 ἐκα-

63 2513 114 2539 τὸν
127 2512 177 2547 μὲν
207 2513 406 2548 ὑποδηλοῦσθαι
420 2515 483 2547 τοὺς
498 2515 528 2548 ἐξ
546 2515 631 2543 ἐθνῶν
647 2516 850 2551 σαγηνευθησο-

102 2582 113 2599 ⁹
135 2581 201 2609 Luc.
221 2582 308 2614 ν,1θ.

896 2252 970 2274 nem.
994 2251 1027 2270 ac
1041 2241 1252 2277 magnitudinem
1268 2244 1296 2267 et
1309 2239 1442 2274 quomodo
1457 2246 1510 2266 non
1525 2243 1598 2265 esset
1616 2237 1684 2263 scis-

898 2300 958 2320 sum
971 2295 1037 2321 rete.
1055 2290 1140 2325 magis
1151 2289 1230 2316 etiam
1247 2287 1454 2315 admirarentur.

935 2337 1012 2364 Vers.
1037 2335 1079 2362 ll.
1107 2334 1230 2362 Ascendit
1262 2333 1353 2360 Simon
1376 2334 1481 2358 Petrus.
1505 2330 1633 2358 Ascendit
1657 2330 1684 2356 iu

899 2383 999 2411 navim.
1012 2385 1139 2415 tanquam
1152 2380 1217 2406 artis
1228 2379 1352 2414 peritior,
1364 2378 1543 2412 sequentibus
1556 2376 1684 2403 videlicet

905 2435 967 2456 eum
985 2427 1066 2454 etiam
1085 2424 1200 2451 caeteris.

939 2471 1017 2508 vers.
1036 2469 1080 2496 Η.
1099 2469 1225 2496 Ετιναωὶι
1243 2481 1279 2487 —-
1292 2468 1385 2494 tribus.
1406 2467 1506 2493 Dicunt
1519 2464 1612 2499 aliqui,
1638 2470 1686 2498 per

905 2521 1015 2544 centum
1026 2514 1136 2550 quidem
1151 2521 1199 2541 eos
1211 2512 1356 2548 designari,
1368 2511 1413 2547 qui
1427 2519 1460 2539 ex
1473 2510 1599 2546 gentibus
1616 2510 1684 2545 sagis

683 2615 788 2646 Varie)
804 2614 956 2648 lectiones
978 2619 1010 2645 et
1025 2618 1118 2647 notae.

106 2703 162 2740 (39)
177 2702 284 2740 Inclusa
295 2702 395 2740 absunt
406 2701 437 2728 A.

104 2737 161 2773 (40)
177 2738 353 2769 Συγκὶεῖσθαι
365 2737 397 2762 Α.

104 2770 161 2808 (Μ)
177 2773 263 2800 liabet
274 2773 344 2800 hanc
361 2779 455 2799 vocem
470 2770 570 2798 Galeus
587 2771 615 2798 in
642 2778 738 2806 opusc.
764 2770 849 2807 Myth.

105 2850 155 2885 (ec)
170 2850 308 2877 Ornatam.
339 2849 438 2881 Decus,
453 2847 618 2876 decentiam.

904 2709 932 2736 Ρ,
941 2702 1116 2772 Ἰιιςιιιεο
1131 2735 1230 2763 absunt
1242 2736 1274 2764 Α.
