1911 3074
232 169 299 203 1491)

268 226 342 253 Vers.
360 225 404 253 l9.
421 225 456 252 Et
475 238 509 245 -—
528 230 577 250 me.
593 221 663 249 Hinc
679 228 786 248 rursum
801 220 930 251 Ostendit.
944 221 1016 255 quod
1032 231 1053 260 Α

204 271 207 274 ⁴
229 279 286 307 pra:
298 272 404 299 ueteris
421 271 471 297 sibi
484 269 643 296 familiarem
661 275 722 295 eum
738 267 827 297 faciat,
843 274 874 294 ac
889 267 1015 301 ampliori

230 318 357 353 dignetur
375 318 487 345 honore.
501 319 530 342 ut
546 315 627 342 etiam
645 313 796 348 promptior
819 313 873 340 liat.

266 364 342 396 Quod
360 363 382 389 si
400 362 460 396 quis
477 362 568 389 dicat:
585 361 726 394 Quomodo
741 367 804 395 ergo
819 359 937 387 Jacobus
954 359 1018 386 Hie-

231 409 450 444 rosolymitanam
475 408 580 442 accepit
595 408 687 434 sedem
700 406 711 433 ?
731 407 864 436 dicemus,
881 406 953 440 quod
968 405 1018 432 Ρο-

233 461 292 482 trus
321 454 395 481 orbis
425 454 592 481 constitutus
615 457 657 479 est
682 456 848 486 praeceptor:
866 459 927 478 eum
954 458 1018 486 ergo

231 506 286 529 tam
305 505 466 535 praeceptor,
484 507 565 534 quam
579 499 706 533 discipuli
719 497 933 528 deambularent,
952 496 1018 524 dixit

232 547 256 573 ei
272 555 279 579 ;
304 547 416 581 Sequere
431 553 480 576 me,
506 549 535 571 ut
553 543 678 571 videlicet
704 544 786 570 etiam
805 542 971 576 cruciﬁgaris
991 545 1019 568 et

232 591 364 626 aequalem
386 591 521 618 sustineas
544 594 672 616 mortem.

274 676 363 712 Vers._
378 676 423 703 ‘20.
453 675 596 702 Conversus
610 689 645 693 —
658 677 816 708 sequentem.
847 672 1019 699 lnecdentem

235 727 294 757 post
307 723 433 755 Petrum;
449 729 514 749 casu
532 721 604 748 enim
620 720 758 755 proximus
773 719 798 746 ei
815 717 1018 745 deambulabat.

270 810 346 837 Vers.
364 810 413 842 Qui
425 815 449 837 ει
462 825 496 830 -
510 811 558 838 te?
571 809 599 836 [n
612 817 689 836 coena
705 808 827 843 mystica,
845 808 916 834 sicut
936 807 972 834 ibi
985 807 1021 834 si-

233 857 388 890 gniﬁcatum
405 862 455 884 e—t.
482 857 596 883 “educit
616 860 705 882 autent
722 855 801 881 nobis
816 854 848 880 ad
861 853 1020 880 memoriam

844 164 1033 196 EUTllYMll
1053 163 1234 194 ZIGABENI

1791 157 1858 190 150]

1105 218 1160 246 Kal
1175 232 1210 238 —
1227 226 1288 252 μοι.
1317 216 1457 244 Ἐντεῦθεν
1480 214 1563 243 πάλιν
1583 215 1718 242 δείκνυσιν
1740 215 1785 241 ὅτι
1806 216 1858 249 πρὸ

1069 264 1122 290 τῶν
1135 263 1320 290 ἄλλωνπαὺτὸν
1340 262 1507 295 οἰκειοῦται,
1523 262 1569 288 καὶ
1586 260 1709 296 μείζονος
1726 261 1802 294 ἀξιοῖ
1818 269 1858 287 τι-

1070 310 1134 344 μῆς.
1158 309 1201 335 ἴνα
1221 309 1268 335 καὶ
1282 308 1488 343 προθυμότερος
1503 307 1626 342 γένηται.

1105 356 1136 382 El
1155 355 1183 381 δὲ
1198 354 1273 389 λέγοι
1297 354 1352 389 (55)
1369 363 1422 386 τις·
1457 354 1519 384 Πῶς
1547 353 1591 380 οὖν
1618 353 1744 383 Ὶάκωόος
1778 353 1858 378 ἔλαεε

1069 402 1114 428 τὸν
1130 401 1222 436 θρόνον
1237 400 1292 435 (54)
1316 400 1371 426 τῶν
1406 400 1617 435 Ὶεροσολύμωνς
1636 400 1755 434 ἐροῦμεν
1783 400 1827 426 ("nt
1849 402 1859 425 ἐ

1069 447 1171 482 Πέτρος
1197 447 1247 481 τῆς
1269 446 1433 481 οἰκουμένης
1459 445 1649 481 ἐχειροτονήθη
1682 446 1858 478 διδάσκαλος.

1071 491 1298 527 Περιπατούντων
1319 491 1464 525 τοιγαροῦν
1490 491 1537 517 τοῦ
1563 501 1592 517 τε
1618 492 1783 518 διδασκάλου
1813 494 1860 518 κεὶ

1069 537 1122 563 τῶν
1134 537 1274 572 μαθητῶν,
1290 534 1377 568 εἶπεν,
1394 537 1566 563 Ἀκολούθει
1581 546 1639 570 μοι.
1655 538 1860 572 σταυρούμενος

1071 585 1119 612 καὶ
1147 584 1228 616 αὐτὸς
1244 584 1300 619 (55)
1333 583 1463 618 δηλονότι,
1498 583 1547 609 καὶ
1576 584 1621 609 τὸν
1651 581 1709 609 ἴσον
1739 584 1875 617 θάνατον,

1071 631 1264 665 ὑφιστάμενος.

1113 675 1324 710 Ἐπιστραφεὶς
1335 689 1368 695 -—
1379 674 1615 703 ἀκολουθοῦντα.
1627 673 1793 709 [Βαδίζοντα
1804 674 1860 708 (56)

1075 722 1163 748 ὀπίσω
1183 721 1230 748 τοῦ
1250 721 1369 756 Πέτρου·
1394 720 1473 755 ἔτυχε
1494 721 1548 756 γὰρ
1564 721 1623 747 τότε
1642 720 1758 756 πλησίον
1773 722 1860 748 αὑτοῦ

1073 767 1242 803 περιπατῶν.
1251 767 1261 803 ]

1110 814 1158 845 Ὃς
1174 813 1223 840 καὶ
1237 829 1271 833 ——
1288 822 1343 847 crs;
1364 815 1408 841 'Ev
1426 815 1465 849 τῷ
1484 814 1585 848 δείπνῳ
1603 812 1641 847 τῷ
1658 812 1795 847 μυστικῷ,
1812 820 1857 837 και

1074 858 1128 890 θὼς
1144 859 1202 885 ἐκεῖ
1218 859 1374 895 δεδήλωται.
1387 861 1606 895 Ἀναμιμνήσκει
1621 859 1648 884 δὲ
1662 859 1736 893 ἡμᾶς
1750 858 1860 891 ἐκείνης

233 902 484 936 interrogationem,
511 901 668 933 Ostendens,
698 904 824 934 quantam
852 898 948 925 Petrus
982 899 1022 925 Io-

1082 905 1124 938 τῆς
1137 906 1322 937 κατακλίσεὼε
1342 916 1371 933 τε
1387 907 1432 933 καὶ
1449 906 1622 941 ἐρωτήσεως,
1638 905 1744 935 δεικνὺς
1764 905 1832 938 ὅσην
1848 904 1860 928 ὁ

233 947 332 981 queudi
362 947 476 981 adeptus
508 951 580 974 esset
605 946 770 977 libertatem,
811 951 953 979 postquam
988 945 1021 971 de

234 993 377 1027 negatione
392 993 552 1026 resipuerat.
569 992 634 1018 Nam
653 992 698 1026 qui
717 995 781 1018 tunc
794 998 876 1017 ausus
892 997 945 1016 non
964 994 1022 1016 erat

234 1039 412 1072 interrogare,
427 1038 473 1064 sed
491 1038 589 1064 dilecto
603 1037 735 1070 discipulo
759 1036 791 1062 ad
809 1036 859 1063 hoc
876 1036 1000 1062 utebatur
1014 1043 1021 1062 :

235 1085 279 1112 hic
295 1093 348 1111 non
367 1085 453 1110 solum
473 1083 670 1118 preesidentiam
689 1090 750 1117 erga
765 1082 860 1108 fratres
875 1081 925 1108 sibi
948 1088 1021 1107 com-

234 1132 345 1158 missam
361 1131 474 1165 accepit,
493 1137 586 1156 verum
600 1129 681 1156 etiam
696 1128 728 1155 tle
746 1128 835 1155 dilecti
850 1132 922 1154 statu
938 1127 1022 1153 conli-

245 1177 342 1203 denter
355 1177 513 1211 interrogat.

271 1221 348 1248 Vers.
370 1221 416 1248 2|.
433 1221 509 1248 Hunc
530 1236 565 1241 —-
584 1221 668 1256 quid?
687 1220 756 1247 Num
774 1224 801 1246 ct
815 1219 871 1254 ipse
888 1223 912 1245 te
925 1225 1023 1252 seque-

236 1268 297 1295 tur?
317 1276 383 1295 num
402 1268 525 1295 eamdem
549 1268 691 1294 nobiscum
706 1266 801 1293 mortis
817 1265 858 1292 via
873 1263 1023 1300 gradietur?

234 1322 298 1341 num
317 1315 442 1342 simi‘iter
464 1314 618 1341 morietur?
639 1313 779 1348 Siquidem
798 1311 942 1343 intellexit,
958 1311 1023 1345 quid

234 1361 380 1393 innuisset,
409 1360 503 1387 dicens
534 1369 540 1387 :
563 1359 676 1394 Sequere
708 1368 766 1392 me;
792 1365 910 1392 cumque
939 1356 1022 1384 Joan-

237 1414 298 1433 nem
321 1406 499 1433 vehementer
526 1411 640 1438 a-uaret,
669 1406 798 1441 cupiebat
825 1412 887 1432 eum
913 1402 1023 1437 aequalis

234 1451 330 1477 mortis
353 1458 493 1478 assutnere
509 1456 682 1478 consortem:
710 1455 738 1477 ει
764 1456 890 1484 tanquam
918 1448 1023 1475 Joanne

235 1497 403 1532 interrogare
420 1505 472 1523 non
488 1497 615 1529 audente,
633 1497 689 1531 ipse
707 1496 867 1530 interrogat,
883 1494 1023 1526 vicemque

235 1543 372 1577 rependit.
392 1543 462 1575 Quid
486 1551 550 1578 ergo
569 1543 711 1570 Christus?
727 1542 864 1569 Privatum
880 1543 1023 1573 amputans

235 1634 357 1666 tandum,
384 1635 503 1661 ostendit
533 1635 609 1661 vario
638 1634 718 1661 modo
748 1633 918 1668 disponenda
947 1641 1018 1666 esse,

234 1687 293 1713 qum
307 1680 349 1707 itis
361 1681 566 1716 contingerent.’

1074 949 1176 983 Πέτρος
1201 951 1359 985 παρρησίαν
1385 951 1446 986 ἐδχε
1467 950 1537 985 μετὰ
1563 950 1611 984 τὴν
1628 949 1675 975 ἐπὶ
1697 951 1728 984 τῇ
1746 949 1860 983 ἀρνήσει

1075 994 1229 1028 μετάνοιαν.
1250 995 1278 1021 '0
1294 995 1347 1030 γὰρ
1365 996 1422 1022 τότε
1442 995 1479 1030 μὴ
1495 995 1603 1029 τολμῶν
1620 995 1766 1028 ἐρωτῆσαι,
1792 994 1821 1019 ἁ)
1830 994 1859 1018 li

1073 1039 1112 1074 τῷ
1138 1040 1309 1075 ἠγαπημένῳ
1337 1042 1510 1075 χρησάμενος
1538 1041 1579 1070 εἰς
1610 1039 1699 1070 τοῦτο,
1724 1035 1804 1069 οὗτος
1831 1040 1858 1064 οὐ

1075 1086 1155 1120 μόνον
1189 1086 1238 1121 τὴν
1265 1087 1433 1121 προστασίαν
1463 1085 1611 1120 ἐπιστεύθη
1639 1085 1692 1110 τῶν
1724 1085 1859 1118 ἀδελφῶν,

1074 1131 1142 1157 ἀλλὰ
1157 1132 1203 1157 καὶ
1218 1133 1281 1167 περὶ
1294 1132 1340 1158 τοῦ
1355 1132 1536 1167 ἡγαπημένου
1548 1131 1708 1167 θαρραλέως
1722 1132 1827 1166 ἐρωτᾷ.

1115 1198 1226 1225 Τοῦτον
1237 1213 1273 1219 -
1288 1199 1332 1232 tl;
1349 1199 1407 1225 Οὐκ
1422 1198 1600 1232 ἀκολουθήσει
1616 1206 1673 1230 σοι;
1691 1198 1721 1223 οὐ
1741 1196 1792 1232 τὴν
1814 1198 1863 1224 αὖε

1075 1244 1125 1279 τὴν
1153 1245 1219 1280 ἡμῖν
1242 1245 1301 1271 ὁδὸν
1324 1245 1370 1271 τοῦ
1395 1244 1510 1271 θανάτου
1528 1244 1677 1279 βαδιεῖται;
1696 1244 1746 1278 οὐχ
1761 1244 1862 1277 ὁμοίως

1074 1288 1268 1321 ἀποθανεῖται;
1285 1289 1388 1323 Συνῆκε
1408 1289 1460 1324 γὰρ
1474 1289 1500 1315 τί
1521 1289 1653 1323 ὑπεδήλου
1670 1289 1700 1314 τὸ
1715 1289 1861 1314 Ἀκολούι

1074 1337 1117 1362 θει
1129 1343 1189 1368 μοι,
1210 1335 1257 1361 καὶ
1282 1335 1386 1370 σφόδρα
1409 1335 1494 1369 φιλῶν
1519 1335 1565 1361 τὸν
1588 1334 1715 1368 Ἰωάννην
1732 1333 1862 1359 ἐϐούλετο

1075 1379 1203 1406 κοινωνὸν
1225 1380 1306 1406 αὐτὶν
1335 1380 1381 1406 τοῦ
1407 1380 1466 1406 ἴσον
1495 1379 1611 1406 θανάτου
1632 1379 1736 1408 λαὸεῖν.
1759 1378 1811 1404 καὶ
1827 1378 1863 1408 ὡς

1074 1425 1121 1451 τοῦ
1139 1424 1260 1451 Ἰωάννου
1285 1425 1322 1460 μὴ
1343 1425 1497 1460 τολμῶντος
1524 1425 1639 1460 ἐρωτᾷν,
1662 1424 1741 1455 αὐτὸς
1757 1425 1862 1459 ἐρωτᾷ.

1076 1472 1121 1497 καὶ
1140 1472 1189 1507 τὴν
1212 1473 1329 1507 ἅμοιὸὴν
1356 1471 1513 1498 ἀποδίδωσι.
1541 1471 1574 1496 Τί
1605 1469 1652 1496 οὖν
1681 1471 1694 1496 ὁ
1719 1469 1862 1504 Χριστόςς

1081 1516 1237 1544 Ἐκκόπτων
1256 1518 1306 1551 τὴν
1326 1516 1440 1551 μερικὴν
1458 1516 1560 1551 φιλίαν,
1574 1517 1621 1542 καὶ
1643 1515 1779 1542 παιδεύων
1812 1524 1865 1549 μη-

236 1562 372 1577 “rem...
393 1562 462 1575 κυη.
486 1562 550 1578 ...δη
570 1562 708 1570 ν....ς....ι.
727 1562 736 1569 .
880 1562 982 1573 ...μνη

234 1589 370 1621 ali‘ectum,
396 1597 428 1616 ac
450 1590 589 1616 instruens
605 1590 672 1616 nihil
689 1590 802 1616 ulterius
822 1596 882 1616 esse
897 1592 1022 1622 perscru-

1082 1563 1118 1588 ῑὲν
1133 1563 1189 1598 (57)
1207 1563 1363 1598 περαιτέρω
1384 1563 1636 1597 πολυπραγμονεῖν,
1657 1562 1704 1588 καὶ
1718 1562 1865 1596 ἐμφαίνων

1082 1608 1112 1622 ε-.
1141 1608 1277 1622 ὶ.-..λι-..-
1299 1610 1332 1622 -L
1360 1609 1420 1622 ..μ-ν
1450 1609 1549 1622 ...⁸.-.ιὲ..
1581 1608 1843 1622 ..ι-..κηλη-μι-,ευ-..ι

1075 1608 1114 1634 ὅτι
1140 1608 1277 1643 διαφόρως
1299 1610 1333 1635 τὰ
1360 1609 1420 1636 κατ’
1448 1609 1549 1640 αὐτοὺς
1580 1608 1863 1643 οἰκονομηθήσονται,

1075 1655 1157 1688 φησιν
1174 1654 1230 1690 (58)
1242 1663 1248 1670 ·

270 1726 290 1760 -ιι
310 1725 378 1753 Cum
395 1727 516 1755 audisset
532 1728 628 1755 Petrus
656 1728 707 1762 (ut
722 1728 830 1762 quidam
852 1729 950 1764 aiunt)
981 1731 1054 1764 quod
1077 1740 1126 1766 pro
1150 1733 1259 1760 Christo
1286 1737 1360 1761 esset
1379 1733 1538 1765 moriturus,
1568 1733 1651 1760 dixit:
1674 1733 1706 1760 Et
1733 1734 1862 1768 Joannes,

235 1774 321 1807 quid?
338 1782 401 1800 num
419 1779 447 1801 et,
471 1775 527 1809 ipse
552 1774 699 1802 tnoriturus
716 1775 775 1802 est?
801 1775 926 1803 Christus
948 1781 1039 1803 autem
1062 1777 1087 1804 id
1108 1779 1215 1812 quidem
1246 1787 1301 1807 non
1332 1781 1461 1815 negavit;
1482 1788 1543 1807 nam
1561 1780 1683 1814 quisquis
1705 1785 1789 1806 natus
1813 1786 1862 1811 est,

235 1821 317 1847 etiam
347 1822 499 1848 morietur:
521 1822 567 1848 sed
595 1822 648 1848 ait:
670 1821 696 1847 Si
727 1829 789 1848 eum
817 1822 898 1849 velim
926 1831 1036 1851 manere
1056 1833 1142 1860 usque
1169 1827 1202 1853 ad
1226 1827 1319 1854 mundi
1346 1827 1616 1859 consummationem,
1634 1831 1660 1853 et
1680 1831 1746 1854 tunc
1765 1827 1800 1854 de
1822 1835 1862 1853 mc

237 1869 389 1900 testificari,
407 1869 470 1903 quid
488 1869 520 1895 ad
545 1869 588 1895 te?
605 1869 703 1896 Dicunt
721 1870 822 1904 itaque,
839 1877 900 1896 eum
928 1871 1032 1903 vivere,
1049 1877 1076 1899 et
1105 1873 1154 1900 sub
1169 1873 1336 1901 Anticltristo
1356 1874 1534 1901 occidendum
1552 1881 1612 1901 cum
1630 1873 1686 1900 Elia
1713 1879 1740 1900 et
1758 1873 1863 1904 Enoch,

237 1916 428 1949 przetiit-antem
445 1917 592 1944 Christum.
612 1917 688 1950 Quod
717 1918 738 1946 si
758 1924 964 1946 monumentum
989 1921 1050 1954 ejus
1063 1922 1231 1955 ostendatur,
1251 1923 1313 1957 quid
1341 1923 1422 1950 inde?
1437 1923 1521 1951 Vivus
1544 1930 1659 1957 namque
1675 1922 1742 1949 illud
1758 1923 1863 1954 ingres-

237 1969 285 1989 sus
304 1967 355 1994 est,
386 1963 483 1990 deinde
507 1963 665 1993 translatus.
684 1964 910 1998 quemadmodum
939 1967 1020 1993 etiam
1050 1966 1142 1994 Enoch
1170 1972 1197 1995 et
1225 1969 1307 1996 Elias.
1326 1969 1429 1996 Evertit
1459 1969 1548 2004 itaque
1570 1969 1736 2003 evangelista
1765 1967 1861 1995 falsam

237 2008 345 2035 illorutn
376 2011 544 2045 opinionem,
562 2011 607 2046 qui
634 2012 800 2044 existimant,
817 2021 871 2040 non
890 2021 950 2041 csse
970 2015 1131 2042 moriturum
1148 2016 1221 2044 hunc
1240 2017 1418 2053 discipulum:
1440 2026 1502 2045 nam
1530 2018 1566 2044 ita
1583 2017 1679 2044 falsum
1705 2020 1760 2049 est,
1777 2017 1864 2044 homi-

237 2064 299 2083 nem
326 2056 453 2083 videlicet
479 2065 539 2084 esse
570 2058 758 2085 immortalem.
787 2059 853 2086 Nam
872 2060 922 2086 etsi
943 2059 1035 2088 Enoch
1061 2066 1088 2088 et
1117 2062 1189 2090 Elias
1217 2071 1272 2090 non
1288 2064 1343 2090 sint
1367 2064 1480 2096 mortui,
1511 2069 1574 2091 sunt
1599 2068 1689 2090 tamen
1725 2064 1863 2096 mortales,

235 2101 274 2128 Ita
293 2110 356 2136 ergo
381 2108 407 2129 et
433 2102 485 2135 hic,
512 2110 666 2137 quanquam
683 2108 805 2131 mortuus
825 2112 876 2131 non
897 2105 942 2133 sit,
963 2109 1082 2133 attamen
1103 2107 1243 2134 morietur.
1270 2107 1377 2136 Falsum
1406 2109 1497 2143 itaque
1511 2113 1553 2136 est
1579 2109 1651 2143 quod
1675 2116 1730 2135 non
1762 2110 1862 2138 moria.

236 2153 280 2174 tur
293 2157 300 2180 ;
315 2149 353 2176 sic
368 2150 533 2176 intellectum
560 2151 631 2184 quod
657 2150 781 2178 videlicet
804 2151 839 2178 sit
858 2152 1027 2180 immortalis.
1045 2153 1097 2180 Alii
1122 2159 1211 2181 autem
1229 2155 1382 2189 aﬂirmaut,
1409 2157 1481 2191 quod
1503 2161 1625 2183 mortuus
1650 2156 1696 2188 sit,
1715 2160 1742 2182 et
1758 2156 1859 2182 dictum

236 2197 323 2224 illud:
342 2196 371 2224 Si
400 2206 458 2223 eum
486 2197 561 2224 velim
581 2206 705 2230 manere,
736 2199 816 2225 donec
843 2199 958 2231 veniam,
986 2200 1149 2235 intelligunt,
1175 2202 1246 2236 quod
1276 2211 1452 2231 remansurus
1481 2209 1539 2231 erat
1563 2205 1588 2230 in
1618 2203 1710 2230 Judaea
1742 2204 1860 2231 Joannes

236 2242 323 2269 dunec
339 2243 444 2270 veniret
457 2243 582 2270 Christus
595 2249 689 2270 contra
705 2244 822 2275 Iudaeos.
842 2253 1022 2279 percussurus
1035 2255 1082 2273 eos
1108 2255 1155 2281 per
1173 2255 1269 2275 manus
1292 2248 1486 2282 Romanorum,
1503 2253 1530 2276 et
1554 2249 1589 2276 ita
1615 2248 1723 2275 Petrum
1749 2257 1763 2276 a
1776 2249 1860 2275 Joan-

235 2295 270 2314 nc
298 2288 489 2322 separandum,
511 2292 540 2315 ut
565 2289 646 2316 etiam
677 2289 771 2323 majnri
805 2289 895 2317 fructu
924 2291 1039 2320 diversis
1071 2293 1137 2320 locis
1161 2294 1349 2329 prtedicarent.
1371 2295 1471 2323 Omnes
1493 2296 1576 2330 igitur
1599 2295 1741 2329 opiniones
1768 2296 1859 2321 retuli-

236 2342 307 2365 nms,
326 2339 354 2360 ut
384 2335 480 2361 harum
503 2343 594 2362 rerum
620 2335 733 2362 studiosi
764 2336 864 2363 nullam
885 2337 1051 2372 ignorarent.
1069 2339 1118 2372 Qui
1144 2344 1235 2367 autern
1256 2341 1372 2373 dicunt,
1395 2349 1457 2368 eum
1483 2349 1544 2369 esse
1569 2346 1717 2372 mortuum,
1733 2340 1761 2367 in
1791 2341 1862 2368 hunc

236 2383 346 2409 modum
374 2382 511 2409 referunt:
537 2382 685 2414 Foderuut,
708 2383 845 2418 inquiunt,
879 2386 994 2418 foveam,
1026 2391 1053 2413 et
1070 2387 1096 2414 in
1115 2396 1178 2423 gyro
1200 2394 1350 2423 posuerunt
1370 2389 1489 2423 lapides:
1510 2389 1610 2416 deinde
1623 2388 1698 2415 illum
1724 2389 1762 2414 ibi
1779 2388 1862 2416 demi-

235 2433 341 2462 serunt,
364 2437 396 2456 ae
417 2433 595 2463 operuerunt.
625 2429 689 2457 Post
717 2430 820 2466 aliquot
834 2437 925 2459 autem
951 2433 1010 2460 dies
1026 2435 1138 2461 scrutati
1165 2439 1229 2462 sunt
1244 2435 1349 2462 foveam
1374 2435 1457 2468 illam,
1472 2439 1499 2462 et
1523 2442 1585 2461 eutn
1615 2441 1668 2460 non
1685 2433 1863 2461 invenerunt.

237 2475 348 2509 Verum,
374 2477 437 2511 quia
465 2485 527 2504 eum
552 2477 607 2504 illic
633 2478 832 2518 deposuerunt,
853 2480 946 2507 dicunt
961 2488 1023 2507 eum
1044 2481 1128 2510 fuisse
1148 2489 1295 2510 mortuum.

276 2522 350 2551 Vi-rs.
375 2523 420 2550 22.
450 2523 492 2550 Ait
515 2538 550 2544 —
574 2525 616 2552 te?
632 2523 659 2551 Si
674 2532 735 2551 cum
749 2525 828 2552 velim
843 2526 869 2552 in
884 2526 951 2552 vivis
968 2533 1022 2553 ma-

1113 2529 1198 2563 Λέγει
1212 2543 1246 2548 --
1257 2536 1314 2560 as;
1336 2527 1398 2554 Ἐὰν
1416 2528 1497 2555 αὺτδν
1510 2528 1579 2555 θέλω
1597 2528 1688 2564 μένειν
1704 2529 1798 2560 ζῶντα
1815 2530 1866 2560 ἕως

835 2596 932 2627 Variae
956 2596 1111 2628 lectiones
1131 2602 1160 2628 et
1177 2602 1270 2628 notae.

1114 2660 1308 2702 ςὲΖΗΗηξέβ·
1344 2694 1364 2702 ..
1406 2699 1411 2702 ,
1454 2694 1460 2700 .
1591 2701 1595 2702 ν

1113 2694 1169 2729 (58ι
1189 2694 1250 2721 Post
1272 2695 1329 2722 hu‘c
1344 2694 1495 2721 lientenius
1512 2702 1543 2720 ex
1561 2694 1680 2728 margine
1699 2694 1743 2719 sui
1761 2695 1867 2729 codicis

275 2659 331 2690 (53)
354 2660 434 2693 Λέγει
448 2659 480 2687 Α.

277 2695 332 2729 (5.6)
346 2694 446 2729 Θρόνος
460 2695 530 2729 apltd
548 2695 641 2723 Patres
654 2694 763 2722 Cra-cos
781 2699 857 2722 notat
883 2693 1026 2729 episcopa-

240 2735 308 2789 tlum.
327 2730 405 2757 Hunc
417 2731 489 2756 enim
517 2731 633 2766 primunt
665 2729 823 2765 episcopum
851 2729 936 2756 fuisse
969 2734 1026 2755 tra-

240 2771 323 2789 llllll‘.

239 2771 405 2832 ιωίὲίέὶὲῐὴὶ
417 2800 496 2832 αὑτός
513 2801 613 2827 omittit
632 2800 664 2826 A.

281 2834 335 2868 (56)
348 2835 452 2861 Inclusa
467 2837 564 2862 ahsunt
577 2836 609 2862 A.
622 2835 724 2862 llorum
750 2839 840 2862 autem
855 2835 914 2862 loco
930 2835 1024 2863 addit:

245 2867 344 2903 Ἔτυχε
358 2869 500 2904 βαδίζοντα
511 2871 572 2906 (sic)
587 2871 675 2897 ὀπίσω
689 2870 735 2896 τοῦ
753 2870 868 2906 Πέτρου,
883 2871 1024 2898 ἁνέπιτεν.

1077 2730 1338 2761 addiditseholium.
1360 2730 1431 2763 quod
1446 2729 1491 2755 hic
1508 2729 1621 2763 subieci.
1641 2728 1743 2764 Similia
1768 2728 1867 2764 legun-

1078 2770 1121 2791 tur
1145 2764 1215 2798 apud
1232 2764 1382 2799 Theophyl.
1403 2773 1429 2798 p.
1448 2764 1500 2790 847
1529 2764 1573 2794 Λ.,
1596 2768 1622 2790 et
1640 2763 1869 2799 iueptstola'bli-

1077 2800 1180 2826 (-haelis
1202 2798 1411 2834 Glyc:e{quam
1460 2798 1531 2826 edidi
1565 2806 1626 2825 cum
1655 2798 1808 2834 rlsocralis,
1845 2808 1867 2832 ιι.

1078 2835 1114 2862 48
1125 2834 1219 2896 Ἰλὶιῖεὲ.
1234 2832 1311 2868 1776,
1329 2832 1355 2862 Et.
1377 2834 1477 2862 Confer
1491 2834 1571 2861 etiam
1586 2833 1681 2860 Arelli.
1697 2832 1729 2859 ad
1747 2833 1869 2868 Apocal.

1080 2878 1107 2896 ι).
1213 2889 1220 2896 .
