1911 3074
34 162 98 197 1501

480 161 671 192 COMMENT.
694 159 734 189 IN
754 158 942 190 JOANNEM.
957 173 991 178 —
1010 160 1088 190 CAP.
1110 160 1191 190 XXI.

1572 161 1582 192 l
1592 161 1643 193 502

30 221 145 254 ἔρχομαι
175 218 243 245 κατὰ
258 217 307 254 τὴν
321 217 449 254 δευτέραν
464 227 514 254 μου
530 218 692 253 παρουσίαν,
705 217 730 244 τί
745 217 810 252 προς

867 224 928 243 nere
957 217 1043 245 donec
1071 218 1190 245 secundo
1229 217 1345 244 adventu
1374 218 1491 251 veniam,
1520 219 1583 253 quid
1607 216 1643 246 illi

32 265 60 291 σὲ
76 265 179 297 κοινόν;

65 310 104 337 Σὺ
119 311 280 337 ἀκολούθει
299 319 361 345 μοι.
378 310 414 336 Σὺ
432 310 477 336 τὸν
497 310 542 336 σὴν
566 309 679 336 θάνατον
702 309 808 340 σκόπει,

31 355 111 390 μηδὲν
127 356 171 382 τὸν
184 356 289 382 ἐκείνου
308 355 569 390 περιεργαζόμενος.

70 400 213 434 Ἐξῆλθεν
224 415 259 421 —
271 401 429 434 ἀδελφούς.
449 401 525 431 Ποίος
542 399 637 433 λόγος;

66 448 128 473 Ὀτι
138 462 173 467 --
183 447 379 479 ἀποθνήσκει.
391 447 470 477 Εἰκὸς
485 446 538 481 γὰρ
548 446 691 477 κάκείνους
700 445 810 471 ἀκούειν

29 493 46 518 ἃ
65 493 130 527 πρὸς
144 493 190 518 τὸν
203 493 304 527 Πέτρον
320 493 488 528 ἐρρήθησαν.
506 491 678 526 Διεφημίσοη
693 491 720 518 δὲ
736 492 748 517 ὁ
764 490 809 516 λό-

28 546 76 570 γος
91 536 177 570 οὗτος,
196 538 279 573 ἤγουν
295 538 350 573 (59)
366 539 407 565 ὅτι
424 539 473 564 οὐκ
490 538 666 572 ἀποθνήσκει,
689 538 726 569 ὡς
745 537 811 563 πλα-

27 584 162 617 νηθέντων
187 584 286 616 αὐτῶν,
314 584 361 610 καὶ
389 585 426 619 μὴ
452 584 663 619 συνεωρακότων
688 584 734 610 τὸν
758 583 805 610 τοῦ

28 629 108 662 λόγου
137 630 248 656 σκοπόν.
279 628 344 656 Εἶτα
371 629 525 665 διορθοῦται
560 630 610 665 τὴν
637 629 810 664 ὲσφαλμένην

28 675 136 708 φήμην-

64 720 118 746 Καί
136 735 172 740 ———
185 721 241 751 σέ;
257 721 346 755 Ὅπερ
361 722 390 747 οὒ
406 721 482 755 δηλοῖ
504 722 544 748 ὃτι
561 722 611 747 οὐκ
626 721 808 756 ἀποθνήσκει,

27 764 86 790 ἀλλ’
108 764 199 799 ἕτερον
223 765 279 799 ἔχει
304 765 416 798 σκοπδν,
445 766 482 797 ὡς
496 765 668 800 προείρηται.
697 766 744 796 Τίς
764 764 810 790 οὖν

27 810 205 835 ὑπολείπεται
223 810 301 844 λόγος
324 811 380 842 τοῖς
405 810 601 845 ἐνισταμένοις,
615 811 655 836 ὃτι
668 810 697 836 οὐ
716 810 812 844 τέθνη-

28 863 87 886 κεν,
109 855 191 881 αὑτοῦ
213 855 245 889 δὴ
266 855 362 882 τούτου
382 856 530 892 διαρρήδην
550 856 664 891 βοῶντος
686 856 728 883 ὅτι
743 855 810 882 πλα-

27 899 128 925 νῶνται
143 900 168 926 oi
187 900 266 926 τοῦτο
280 900 534 935 ὑπολαμϐάνοντες

64 943 158 978 Οὗτος
171 961 204 965 —
217 946 320 973 αὐτοῦ.
340 947 394 973 Καὶ
411 946 532 980 οἴδαμεν,
561 953 585 972 οι
609 946 708 977 εἰδότες
730 945 809 978 αὐτὰ,

24 991 68 1016 ὅτι
92 990 199 1024 ἀληθῶς
228 993 371 1026 μαρτυρεῖ.
400 992 527 1019 Φαίνεται
544 993 597 1025 γὰρ
614 992 655 1018 ὃτι
673 992 719 1018 καὶ
735 991 811 1018 ἄλλοι

25 1034 110 1060 ταῦτα
126 1035 283 1068 ἐγίνωσκον.
302 1036 344 1065 Ὠς
360 1036 406 1061 οὖν
421 1036 520 1070 σφίδρα
532 1036 642 1071 θαρρῶν
653 1037 686 1070 τῇ
700 1035 812 1071 ἀληθείᾳ

25 1077 108 1104 τοῦτό
139 1087 233 1114 φησιν.
253 1080 343 1112 Ἔγνω
359 1080 413 1114 γὰρ
433 1081 474 1106 ὅτι
487 1080 556 1113 δόξει
570 1081 640 1106 τισὶν
663 1080 729 1111 ἴσως
744 1080 812 1106 ὓπο-

26 1132 83 1149 πτα
106 1123 206 1157 λέγειν,
222 1124 266 1150 διὰ
283 1125 313 1150 τὸ
338 1125 374 1159 μὴ
394 1125 610 1161 μνημονευθῆναι
630 1125 719 1153 ταῦτα
736 1126 811 1162 παρὰ

24 1169 83 1194 τῶν
98 1168 186 1195 ἄλλων
201 1169 412 1203 εὐαγγελιστῶν.

64 1256 148 1282 Ἐστι
160 1256 194 1282 δὲ
205 1272 235 1277 -
250 1259 266 1283 ὁ
282 1258 410 1292 Ἰησοῦς.
429 1258 525 1294 [Τοῦτο
538 1260 593 1295 (60)
618 1260 665 1288 καὶ
682 1250 810 1298 ἀνωτέρο)

24 1301 93 1336 περὶ
108 1301 160 1328 τῶν
178 1304 298 1334 σημείων
313 1303 421 1340 sinam]

62 1347 169 1373 Ἀτινα
181 1362 213 1367 -
225 1349 341 1380 βιϐλία.
357 1349 406 1385 [οὑ
421 1350 475 1384 (61)
490 1353 574 1387 χωρεί
584 1353 611 1379 δὲ
627 1353 696 1379 αὐτὰ
709 1355 722 1381 ὁ
733 1355 809 1389 εἰρη-

23 1392 111 1427 μένος
133 1393 244 1427 κόσμος,
271 1395 316 1420 καὶ
339 1396 401 1422 καθ’
421 1396 513 1431 ἕτερον
539 1398 626 1432 λόγον,
640 1399 670 1426 οὐ
687 1399 730 1427 διὰ
752 1401 809 1437 (62)

22 1440 131 1474 πλῆθος
146 1442 380 1476 συγγραμμάτων,
400 1444 467 1470 ἀλλὰ
488 1445 531 1471 διὰ
546 1446 660 1480 μέγεοος
677 1449 808 1483 πραγμά-

20 1493 96 1513 των¹
113 1486 172 1512 οὐδὲ
186 1488 271 1522 τόπῳ,
287 1489 354 1515 ἀλλὰ
369 1490 492 1527 τρόπῳ.)

862 267 950 290 tecum
971 263 997 289 in
1016 263 1068 289 hoc
1096 271 1239 290 commune
1253 265 1306 291 est?

897 309 971 336 Vcrs.
992 309 1036 336 22.
1063 309 1100 335 Tu
1114 317 1154 335 me
1168 317 1285 341 sequere.
1302 311 1341 337 Tu
1359 314 1431 338 tuam
1447 317 1562 338 mortem
1579 320 1646 339 con—

859 354 958 387 sidera,
977 355 1044 381 nihil
1064 355 1103 382 de.
1111 356 1183 382 illius
1196 360 1282 382 morte
1300 356 1474 390 investigans.

895 399 971 427 Vu-rs.
986 400 1029 427 2'5.
1044 401 1117 428 Exiit
1132 417 1164 422 —
1178 402 1284 436 fratres.
1297 401 1363 434 Quis
1390 402 1498 428 sermo?

894 445 972 473 Vers.
1001 446 1046 474 εδ.
1075 446 1149 479 Quod
1178 463 1212 468 --
1244 452 1400 475 moreretur.
1426 448 1578 475 Verisimile
1603 454 1644 476 est

859 499 976 526 namque
992 497 1019 519 et
1034 501 1080 519 eos
1095 493 1214 527 audisse,
1233 501 1292 527 qua:
1309 494 1388 520 Petro
1405 493 1475 520 dicta
1491 498 1578 521 erant.
1600 495 1645 521 Di-

859 538 984 572 vulgatns
1004 543 1044 565 cst
1061 539 1102 565 hic
1117 546 1216 571 sermo,
1234 538 1369 570 videlicet,
1386 539 1456 573 quod
1475 546 1528 566 non
1554 547 1644 566 more—

860 588 952 610 retur:
977 584 1038 618 quia
1059 584 1196 616 errabant,
1213 592 1262 611 nec
1279 585 1414 611 sermonis
1429 585 1646 619 assequebantur

860 629 1050 657 intentionem.
1071 629 1173 657 Deinde
1200 630 1311 665 corrigit
1332 637 1470 657 rumorem
1489 638 1646 657 erroneum.

894 716 1025 744 νει-835.
1039 716 1073 743 Et
1086 731 1122 736 —
1136 717 1179 743 te?
1193 715 1269 750 Quod
1284 724 1337 744 non
1352 717 1494 750 signiﬁcat.
1510 724 1571 744 eum
1586 724 1642 743 non

861 764 1035 795 moriturum,
1063 763 1109 790 sed
1124 763 1204 790 aliam
1225 763 1304 790 habet
1322 763 1514 794 intentionem,
1531 766 1561 789 ut
1578 771 1647 798 prae-

861 808 962 835 dictum
990 812 1041 835 est.
1062 808 1128 840 Quis
1155 815 1220 842 ergo
1238 808 1402 842 relinquitur
1425 815 1516 835 sermo
1540 815 1648 834 asseve—

861 853 1068 886 rantibus,eum
1082 861 1137 880 non
1151 861 1211 880 esse
1224 858 1371 886 mortuum,
1387 862 1447 881 cum
1463 854 1518 888 jam
1533 855 1648 889 ipsemet

861 899 1013 926 luculenter
1029 900 1126 927 clamet
1138 900 1208 934 quod
1221 904 1323 932 errent,
1337 901 1382 935 qui
1393 901 1445 928 hoc
1456 900 1648 935 suspicantur?

897 945 976 973 Vers.
1000 945 1046 972 24.
1073 945 1123 972 llic
1136 959 1167 964 —
1179 946 1247 980 ejus.
1274 946 1307 973 Et
1323 946 1436 979 scimus,
1453 947 1498 980 qui
1515 953 1546 973 ea
1570 946 1649 973 novi-

863 998 934 1021 mus.
955 991 1026 1026 quod
1051 998 1144 1017 verum
1169 991 1313 1026 perhibeat
1338 991 1534 1018 testimonium.
1561 993 1650 1026 Appa-

862 1040 905 1063 ret
934 1036 1017 1068 enim,
1044 1036 1115 1070 quod
1136 1039 1163 1062 et
1185 1036 1230 1062 alii
1248 1036 1299 1062 hoc
1324 1036 1521 1071 intelligebant.
1539 1036 1642 1071 Itaque,

862 1085 988 1115 tanquam
1001 1080 1176 1108 vehementer
1190 1080 1274 1108 fretus
1290 1081 1413 1113 veritate,
1429 1081 1480 1107 hec
1497 1081 1576 1108 dicit:
1591 1081 1646 1108 No-

861 1127 886 1153 vi
904 1126 1047 1161 siquidem.
1063 1126 1133 1161 quod
1149 1127 1283 1161 aliquibus
1298 1126 1434 1154 videbitur
1449 1126 1570 1153 fortassis
1587 1133 1648 1153 sus-

861 1177 937 1208 pecta
955 1174 1056 1205 dicere,
1081 1181 1113 1201 eo
1131 1173 1202 1208 quod
1218 1173 1252 1201 ab
1271 1173 1332 1200 aliis
1351 1172 1523 1208 evangelistis
1549 1173 1647 1199 horum

861 1227 916 1247 non
934 1220 969 1246 sit
985 1220 1054 1247 facta
1069 1220 1181 1247 mentio.

897 1265 973 1292 Vers.
995 1266 1039 1293 25.
1065 1266 1133 1293 Sunt
1147 1271 1235 1292 autem
1254 1282 1288 1286 —
1311 1265 1396 1293 Iesus.
1419 1267 1476 1293 Hoc
1497 1266 1579 1293 etiam
1598 1274 1644 1294 su-

861 1311 953 1346 perius
969 1311 1036 1338 dixit
1049 1311 1082 1339 de
1097 1311 1190 1347 signis.

896 1356 974 1385 Vcrs.
996 1356 1042 1384 25.
1060 1355 1124 1389 Qua:
1140 1371 1175 1376 —
1191 1357 1280 1384 libros.
1310 1357 1368 1383 Non
1394 1361 1503 1392 caperet
1534 1363 1580 1384 cos
1607 1356 1649 1383 di-

861 1407 922 1429 ctus
957 1402 1087 1434 mundus,
1121 1402 1173 1429 alio
1201 1402 1284 1429 etiam
1315 1402 1413 1430 modo:
1444 1409 1500 1429 non
1531 1406 1643 1437 propter

862 1448 1011 1474 litterarum
1031 1447 1243 1480 multitudinem,
1265 1447 1311 1475 sed
1329 1453 1439 1482 propter
1464 1455 1554 1474 rerum
1570 1455 1646 1482 mag-

860 1493 1028 1520 nitudinem:
1052 1500 1139 1527 neque
1161 1493 1194 1520 de
1217 1493 1277 1520 loco
1299 1493 1428 1528 loquitur,
1445 1493 1492 1520 sed
1508 1493 1541 1520 dc
1555 1493 1646 1520 modo.

56 1532 122 1565 ΔΚαθ
136 1533 298 1587 -ὑπεροολὴν
313 1536 326 1560 ὀ
343 1535 433 1570 λόγος,
459 1538 600 1572 ἐμφαίνων
623 1540 672 1575 τὴν
693 1541 809 1577 ὑπερδο-

898 1539 1099 1574 Hyperbolicus
1126 1543 1168 1566 est
1193 1546 1294 1571 sermo,
1322 1538 1469 1566 ostendens
1485 1538 1646 1565 immensam

21 1579 75 1612 λὴν
105 1578 151 1604 τοῦ
179 1578 298 1612 πλήθους
323 1580 382 1614 τῶν,
403 1584 605 1617 πεπραγμένων
637 1585 675 1620 τῷ
702 1587 806 1622 Κυρίῳ.

22 1622 155 1658 Χρῶνται
176 1623 204 1650 δὲ
232 1624 271 1658 τῷ
295 1625 366 1660 λόγῳ
391 1626 442 1661 τῆς
463 1628 615 1664 ὑπερϐολῆς
632 1632 679 1657 καὶ
694 1633 718 1658 oi
745 1633 810 1667 γρά-

23 1676 138 1703 φοντες,
157 1669 203 1695 καὶ
223 1670 246 1696 οξ
271 1669 407 1704 λέγοντες,
426 1672 490 1699 ὅταν
507 1674 661 1710 ὑπερὸολήν
680 1677 805 1711 πράγμα-

22 1723 72 1744 τος
90 1716 264 1748 παραστῆσαι
281 1716 459 1752 βουληθῶσιν.
479 1716 563 1750 Οὗτος
576 1720 604 1746 δὲ
620 1721 667 1747 καὶ
679 1721 709 1747 τὸ
725 1721 810 1756 Οἶμαι

23 1760 159 1797 προσθεὶς
173 1761 285 1788 ἐκόλασε
297 1764 346 1798 τὴν
361 1764 523 1799 ὑπερϐολὴν,
536 1766 583 1792 κα).
597 1768 811 1802 παρεμυθήσατο

21 1809 56 1834 τδ
72 1807 169 1833 δοκοῦν
186 1807 328 1840 ἀπίθανον,
344 1809 485 1844 ὑποδηλῶν
499 1811 538 1837 ὅτι
549 1811 634 1838 διὰτὸ
649 1813 812 1847 παμπληθὲς

23 1853 120 1880 αὐτῶν
147 1853 256 1888 εἴρηκεν
284 1854 365 1881 οὕτω.
397 1856 450 1881 Καὶ
478 1856 545 1883 ἄλλα
575 1857 624 1891 μὲν
651 1855 698 1884 οὗν
728 1858 812 1885 πολλὰ

24 1897 171 1932 ἐποίησεν,
186 1898 222 1930 ὡς
239 1900 325 1926 πάντα
340 1900 502 1934 δυνάμενος-
519 1903 609 1938 ῥᾴδιον
621 1904 675 1939 γὰρ
688 1904 762 1939 αὐτῷ
782 1905 812 1930 τὸ

23 1943 119 1970 ποιεῖν
153 1943 169 1978 ἦ
187 1944 253 1978 ἡμῖν
273 1945 304 1970 τὸ
320 1945 428 1979 λέγειν’
457 1947 525 1982 μόνα
546 1948 573 1974 δὲ
598 1949 758 1984 ἐγράψησαν
778 1950 811 1976 τὰ

23 1989 99 2024 τρὶς
109 1988 249 2016 εὐσέϐειαν
271 1991 317 2016 καὶ
336 1991 426 2018 πίστιν
450 1994 644 2028 χρησιμώτερα
659 1995 705 2021 καὶ
721 1995 812 2030 ἀναγ-

19 2035 177 2068 καιότερα,
197 2035 283 2061 ὲκεῖνο
321 2036 375 2063 τῶν
406 2039 633 2074 συγγεγραφότων
650 2040 705 2074 (65)
721 2041 813 2074 ἐννοη-

24 2078 147 2110 σάντων,
167 2078 205 2110 ὡς
223 2079 237 2105 ὁ
251 2079 288 2115 μὴ
302 2080 359 2112 τοῖς
378 2084 507 2117 γραφεῖσι
524 2083 659 2110 πιστεύων
682 2085 743 2111 οὐδὲ
756 2087 813 2117 τοῖς

22 2124 139 2151 πλείοσι
155 2124 292 2159 προσέξει.
309 2125 338 2153 '0
350 2126 379 2154 δὲ
398 2128 484 2155 ταῦτα
502 2129 647 2165 δεξάμενος
666 2131 766 2166 ἑτέρων
782 2131 812 2158 οὐ

20 2169 203 2205 δεηθήσεται.

60 2257 173 2283 Γένοιτο
186 2257 214 2284 δὲ
232 2258 315 2293 ἡμᾶς,
327 2258 448 2291 τελείους
463 2260 633 2296 θεραπευτὰς
649 2263 697 2298 τῆς
713 2271 812 2290 παντε-

19 2302 104 2330 λείου
126 2302 240 2337 Τριάδος
255 2304 452 2338 ἀναφανέντας,
465 2307 560 2342 ἀγαθῷ
579 2308 649 2334 τέλει
669 2310 814 2336 κατακλεῖ-

20 2358 74 2377 σαι
90 2347 147 2382 (64)
159 2349 203 2375 τὸν
215 2350 282 2385 βίον,
298 2351 327 2377 ἐν
339 2351 448 2387 Χριστῷ
467 2353 552 2388 Ίησοῦ
565 2354 603 2389 τῷ
615 2355 708 2390 Κυρίῳ
725 2355 813 2391 ἡμῶν.

27 2397 60 2422 Ἀ
66 2396 134 2429 μήν·

63 2441 113 2476 Τῷ
125 2441 180 2477 (65)
194 2444 352 2480 συντελεστῇ
367 2445 421 2472 τῶν
435 2445 525 2472 καλῶν
537 2446 595 2481 Θεῷ
606 2446 694 2482 χάρις.
714 2446 811 2483 Ἀμήν.

312 2499 394 2531 Τέλος
413 2502 531 2529 πάντων.

861 1585 1060 1612 multitudinem
1089 1592 1183 1611 eorum
1214 1591 1273 1619 quae
1300 1592 1315 1611 a
1333 1584 1445 1611 Domino
1474 1584 1545 1611 facta
1572 1589 1644 1610 sunt.

861 1630 981 1657 Utuntur
997 1634 1087 1657 autem
1107 1637 1233 1657 sermone
1263 1629 1438 1665 hyperbolico
1459 1633 1486 1656 et
1509 1629 1553 1663 qui
1579 1629 1645 1655 Seri-

861 1675 939 1707 bunt,
953 1679 980 1702 et
999 1675 1045 1709 qui
1067 1675 1225 1708 loquuntur,
1246 1675 1355 1708 quando
1373 1674 1410 1701 rei
1433 1674 1647 1708 magnitudinem

861 1721 1003 1747 ostendere
1027 1720 1215 1746 decreverunt.
1234 1719 1286 1745 Hic
1312 1725 1402 1746 autem
1432 1719 1537 1746 addens
1565 1720 1646 1746 etiam

861 1766 986 1797 verbum,
1001 1765 1109 1799 Opinor,
1123 1764 1248 1799 auxithh)
1260 1764 1436 1799 hyperbolen.
1460 1771 1491 1790 ac
1517 1764 1650 1791 suadibile

863 1810 937 1841 fecit,
951 1809 1021 1843 quod
1049 1807 1210 1835 incredibile
1227 1807 1386 1834 videbatur:
1405 1806 1557 1837 insinuans,
1575 1806 1649 1840 quod

862 1855 897 1882 ob
918 1855 1059 1880 maximam
1081 1860 1176 1880 eorum
1200 1852 1402 1879 multitudinem
1423 1851 1458 1878 ita
1473 1851 1581 1878 dixerit.
1602 1851 1647 1877 Si-

862 1901 970 1935 quidem
997 1904 1024 1927 ct
1050 1899 1101 1926 alia
1126 1898 1209 1925 multa
1234 1898 1309 1930 fecit,
1338 1903 1431 1933 utpote
1458 1897 1647 1932 omnipotens;

862 1954 924 1974 nam
940 1946 965 1973 ei
982 1945 1086 1973 facilius
1100 1949 1158 1972 erat
1170 1944 1269 1977 facere,
1284 1951 1364 1978 quam
1382 1943 1460 1970 nobis
1470 1943 1570 1970 dicere.
1585 1943 1649 1970 Sola

862 1996 952 2019 autem
968 1998 999 2018 ea
1013 1990 1190 2025 scripserunt,
1207 1996 1267 2024 quae
1286 1989 1319 2016 ad
1337 1989 1493 2024 religionem
1516 1995 1548 2015 ac
1567 1988 1646 2014 fidem

863 2036 971 2064 utiliora
992 2041 1080 2067 erant,
1093 2036 1231 2070 magisque
1244 2034 1396 2061 necessaria
1409 2041 1416 2060 :
1432 2033 1504 2068 quod
1521 2033 1571 2059 hoc
1583 2039 1649 2059 con-

864 2083 1017 2110 siderarent
1042 2082 1069 2108 hi
1093 2081 1140 2116 qui
1170 2081 1353 2115 scripserunt,
1369 2079 1441 2113 quod
1463 2078 1508 2113 qui
1526 2078 1567 2104 his
1583 2086 1644 2112 qua:

863 2128 963 2162 scripta
975 2132 1038 2154 sunt
1051 2134 1106 2154 non
1121 2127 1216 2158 credit,
1234 2132 1322 2160 neque
1333 2124 1455 2159 pluribus
1471 2123 1549 2150 fidem
1562 2123 1647 2150 habe-

866 2173 922 2201 bit:
937 2173 962 2200 ei
984 2180 1058 2205 vero,
1076 2172 1121 2207 qui
1137 2172 1193 2199 hinc
1209 2171 1332 2205 suscipit,
1351 2170 1402 2197 alia
1416 2168 1567 2196 necessaria
1586 2176 1642 2195 non

827 2229 850 2258 ι)
865 2223 955 2246 erunt.

897 2264 1006 2293 Utinam
1019 2267 1109 2290 autem
1124 2267 1151 2290 et
1167 2269 1217 2288 nos
1232 2261 1344 2296 perfecti
1358 2260 1471 2288 ministri
1483 2258 1648 2294 perfectissi-

862 2319 912 2338 mae
930 2309 1068 2337 Trinitatis
1084 2308 1242 2340 habeantur,
1258 2315 1289 2334 ac
1305 2308 1386 2334 vitam
1410 2307 1480 2334 bono
1508 2305 1561 2333 line
1579 2313 1646 2332 con-

861 2356 1013 2388 cludamus,
1027 2362 1074 2389 per
1088 2353 1224 2381 Christum
1241 2352 1333 2380 Jesum
1351 2352 1494 2380 Dominum
1510 2356 1647 2379 nostrum.

862 2404 959 2429 Amen.

1163 2503 1237 2530 Finis
1251 2503 1383 2530 omnium.

622 2592 723 2622 Varia;
746 2591 900 2624 lectiones
916 2595 946 2623 et
964 2595 1057 2623 noue.

66 2682 127 2717 (59)
143 2683 243 2715 Ἤγουν
257 2681 357 2708 omittit
375 2682 405 2708 Α.

65 2716 125 2753 (60)
145 2717 250 2753 inclusa
280 2717 378 2744 absunt
397 2717 430 2744 Α.
465 2716 621 2752 Respicitur
657 2721 747 2744 autem
776 2717 810 2745 ad

19 2752 111 2785 Joan.
131 2761 174 2783 xx,
195 2752 239 2779 50.

65 2787 126 2824 (61)
141 2787 202 2815 llaec
215 2787 242 2813 in
256 2787 377 2822 margine
393 2786 474 2814 habet
488 2789 520 2814 A.

899 2683 954 2717 (62)
973 2684 1008 2709 Τό
1030 2682 1104 2710 addit
1116 2683 1147 2710 Α.

900 2719 955 2751 (65)
971 2718 1186 2751 Συγγραφόντων
1201 2717 1221 2743 Α
1227 2736 1233 2743 .

900 2726 955 2751 tua)
971 2726 1042 2751 LUYY
1065 2726 1186 2751 αφοντων
1201 2726 1233 2743 Α.

900 2753 956 2787 (64)
969 2726 1125 2787 Καταῗῦσαι
1143 2752 1173 2782 Α,
1191 2751 1262 2786 quod
1287 2750 1414 2787 usitatius
1428 2755 1480 2778 est.

898 2788 954 2823 (65)
972 2787 1032 2814 llaec
1045 2786 1072 2813 in
1089 2786 1141 2814 line
1152 2787 1185 2814 ad
1193 2787 1254 2814 .lidit
1269 2786 1357 2814 scriba
1373 2786 1439 2813 Cod.
1455 2787 1488 2813 A.

66 2867 127 2905 (Ιιίε)
149 2867 236 2894 Λιιιικῐι.
263 2867 330 2899 lmo,
360 2866 509 2902 castigavit,
536 2867 701 2902 temperavit,
734 2867 876 2904 mitigavit-
